2867 4717
474 428 546 482 50
1281 430 1372 482 De
1422 428 1785 482 Hellanico

639 583 843 645 Priore
872 583 1026 644 libro
1056 591 1374 663 postquam
1416 584 1725 662 prolusum
1766 590 1890 644 erat
1918 581 2199 655 PersiciS,
2246 583 2363 644 iam
2409 584 2590 646 altero

471 667 598 747 ipsa
638 687 840 746 regum
880 671 1178 729 successio
1224 670 1360 729 inde
1400 687 1431 727 a
1463 668 1612 748 Cyro
1652 669 1899 746 repetita
1934 687 2065 728 esse
2097 668 2337 728 videtur.
2402 668 2590 731 Citato

467 752 617 813 libro
648 755 908 814 secundo
940 752 1269 813 Hellanicus
1311 753 1622 813 adhibetur
1666 754 1821 830 apud
1858 753 1941 813 St.
1974 752 2039 812 B.
2072 771 2121 811 v.
2165 748 2402 833 Τυρέὸι
2416 748 2495 827 ζα
2534 760 2594 814 et

469 836 753 914 Harpocr.
791 858 842 898 v.
882 831 1152 919 Στρέψα
1205 838 1276 898 de
1318 838 1553 916 oppidis
1584 837 1933 916 quibusdam
1977 836 2286 910 Thraciae,
2335 856 2590 915 quorum

379 938 433 979 ³3
471 923 831 983 mentionem
864 922 1076 982 factam
1109 941 1241 981 esse
1270 922 1545 999 suspicor
1581 929 1680 982 aut
1727 922 1786 981 in
1818 922 2187 998 expeditione
2216 922 2370 981 Darii
2402 930 2500 982 aut
2529 922 2589 982 in

466 1004 693 1079 xerxis,
728 1008 799 1067 de
829 1007 1040 1085 quibus
1063 1014 1454 1067 memoratum
1478 1005 1662 1068 fuisse
1691 1007 1843 1085 apud
1867 1006 2224 1067 Hellanicum
2262 1006 2401 1066 satis
2432 1013 2593 1086 patet

467 1109 536 1150 ex
565 1091 637 1151 iis
670 1108 817 1169 quae
847 1098 1077 1151 exstant
1105 1110 1198 1170 ap.
1231 1091 1368 1151 Sch.
1399 1092 1460 1151 in
1518 1091 1729 1152 Aesch.
1760 1092 1992 1161 Persam
2023 1092 2122 1169 qui
2154 1091 2280 1151 eius
2312 1093 2590 1151 testimo-

465 1174 579 1235 niis
597 1175 909 1236 identidem
933 1176 1132 1249 utitur,
1160 1177 1334 1237 credo
1354 1176 1486 1254 quia
1507 1195 1654 1255 quae
1670 1177 1823 1254 apud
1843 1176 2189 1253 Aeschylum
2208 1176 2589 1236 tradebantur

467 1277 599 1319 cum
633 1260 905 1321 Hellanici
934 1261 1334 1321 notationibus
1366 1261 1552 1337 magis
1584 1279 1760 1339 quam
1792 1279 1925 1320 cum
1964 1260 2247 1320 Herodoti
2279 1262 2585 1338 conspira-

464 1343 622 1404 bant.
668 1344 766 1405 Sic
793 1345 862 1405 ad
895 1364 980 1406 vS.
1012 1345 1137 1406 770
1181 1338 1410 1425 Κόρου
1458 1341 1533 1406 δὲ
1584 1336 1725 1418 υἱὸς
1771 1335 1808 1405 ὅ
1854 1339 2146 1423 Καμβύσ
2191 1365 2244 1419 ς,
2291 1336 2588 1428 ἀδελφὸς

466 1422 542 1488 δὲ
586 1425 756 1489 κατὰ
791 1422 1166 1491 Ἑλλάνικον
1209 1422 1662 1510 Μαρφίουὸὃ)
1718 1423 1834 1489 καὶ
1886 1424 2140 1510 Μέμφι
2190 1449 2289 1504 ος,
2324 1429 2437 1489 ·ad.
2497 1447 2584 1488 vs,

464 1512 587 1572 773
619 1504 1082 1599 Ἀρταφρένης·
1114 1510 1343 1576 τοῦτον
1363 1508 1531 1574 Ἓλλ.
1565 1508 1917 1597 Δαφέρνην
1944 1509 2147 1586 καλεῖ,
2194 1514 2282 1573 ad.
2325 1532 2411 1573 vs.
2456 1514 2582 1573 714

453 1586 822 1677 ‘HQo'dowg
866 1594 924 1673 ζ’
968 1616 1137 1682 φησι
1171 1591 1461 1679 Δαρείου
1501 1596 1755 1670 παῖδας
1784 1586 1973 1671 εἶναι,
2013 1588 2179 1657 Ἑλλ.
2215 1592 2288 1658 δὲ
2321 1591 2435 1657 ια’.
2468 1596 2582 1670 Qui

462 1688 668 1742 auctor
697 1702 827 1743 cum
861 1690 918 1743 ct
947 1683 1018 1743 ad
1051 1703 1134 1743 vs.
1170 1685 1292 1744 770
1324 1691 1382 1743 et
1412 1684 1482 1743 ad
1513 1702 1598 1743 va.
1633 1683 1755 1742 773
1787 1682 1982 1742 laudet
2010 1681 2387 1753 Hellanicum,
2428 1682 2580 1741 veri—

462 1765 650 1826 simile
702 1774 792 1827 est
843 1768 1165 1828 secundum
1206 1768 1454 1827 eundem
1503 1768 1576 1828 ad
1618 1786 1702 1827 vs.
1744 1768 1859 1826 771
1911 1766 2177 1845 expromi
2231 1785 2347 1845 quo
2398 1766 2579 1825 modo

458 1849 665 1911 Darius
696 1852 767 1911 ad
799 1870 1040 1929 regnum
1087 1853 1445 1931 pervenerit,
1502 1871 1647 1930 quae
1702 1850 1959 1911 narratio
2006 1850 2299 1928 discrepat
2348 1849 2419 1910 ab
2470 1850 2579 1923 illa,

458 1953 605 2013 quae
634 1935 844 2014 legitur
872 1937 1024 2015 apud
1052 1937 1414 1998 Herodotum
1447 1944 1505 1996 et
1527 1936 1799 2006 Ctesiam‚
1831 1935 2117 2014 habetque
2146 1954 2273 1994 eam
2304 1935 2578 2005 formam,

455 2026 521 2079 ut
548 2020 726 2080 fando
761 2022 944 2097 magis
976 2040 1147 2100 quam
1180 2030 1338 2082 certa
1369 2021 1722 2098 cognitionis
1770 2021 1884 2080 fide
1923 2021 1994 2080 ad
2036 2026 2329 2079 auctorem
2373 2038 2577 2097 perve-

454 2104 620 2164 nisse
650 2123 778 2164 eam
812 2123 996 2184 neque
1028 2112 1168 2182 post
1195 2106 1561 2165 Herodotum
1585 2113 1756 2183 atque
1780 2104 2031 2165 Ctesiam
2054 2104 2123 2164 ad
2148 2103 2307 2163 illum
2334 2104 2577 2163 modum

453 2188 592 2265 fingi
633 2188 897 2267 potuisse
926 2190 1199 2249 affirmes.
1262 2189 1607 2267 Cambyffem
1649 2189 1787 2249 dicit
1830 2189 1890 2249 in
1941 2189 2266 2267 Aegyptum
2309 2188 2580 2267 proficis-

457 2279 685 2332 centem
718 2273 949 2333 duobus
981 2274 1168 2351 magis
1199 2274 1769 2334 administrationem
1801 2273 1967 2351 regni
1999 2273 2339 2344 mandasse,
2374 2273 2579 2332 consi-

456 2357 534 2417 lio
568 2357 740 2417 simul
772 2378 838 2418 ex
871 2358 1163 2418 nobilibus
1195 2359 1267 2418 ad
1298 2377 1546 2434 regnum
1589 2357 2056 2437 participandum
2096 2358 2381 2430 format03
2423 2365 2579 2417 certe

456 2441 568 2500 tale
609 2442 747 2520 quid
791 2442 1037 2523 subesse
1078 2442 1306 2503 videtur
1344 2442 1484 2514 illis,
1543 2436 1782 2523 ἐπειδὴ
1830 2433 1893 2503 οἱ
1933 2437 2190 2523 Πέρσαι
2236 2435 2456 2501 πάντα
2493 2442 2580 2524 τῇ

455 2521 661 2609 βουλῇ
708 2521 1203 2607 διεπράττοντο,
1249 2526 1521 2605 idemque
1562 2527 1871 2587 consilium
1918 2526 2097 2586 habes
2129 2527 2282 2604 apud
2318 2527 2575 2605 Aeschy-

455 2610 574 2669 lum
622 2612 682 2670 in
736 2611 952 2672 Persis.
1025 2612 1227 2688 Magos
1266 2611 1393 2670 illos
1435 2611 1685 2688 appellat
1738 2611 2160 2688 Artaphernem
2213 2618 2271 2670 et
2315 2610 2572 2682 Darium,

455 2713 604 2773 quae
647 2696 891 2756 nomina
934 2714 1008 2756 ne
1040 2695 1388 2755 confusione
1445 2703 1572 2755 orta
1615 2702 1888 2774 putemus
1940 2694 2078 2754 facit
2118 2695 2274 2773 quod
2320 2694 2572 2769 additur,

453 2779 615 2839 hunc
637 2780 873 2843 Darium
900 2781 1076 2841 alium
1107 2780 1290 2840 fuisse
1320 2787 1494 2857 atque
1522 2798 1656 2839 eum
1690 2781 1785 2857 qui
1816 2797 2061 2856 regnum
2095 2787 2299 2857 postea
2330 2780 2572 2857 adeptus

451 2863 552 2935 sit3
575 2866 731 2925 unde
764 2872 925 2943 patet
952 2872 1246 2925 auctorem
1280 2865 1350 2924 de
1373 2864 1523 2924 veris
1547 2864 1885 2924 nominibus
1912 2863 2176 2923 nondum
2202 2871 2572 2942 compertum

450 2947 749 3009 habuisse.
802 2950 1002 3026 Magos
1033 2950 1164 3008 illos
1196 2955 1336 3028 post
1374 2955 1627 3008 mortem
1673 2948 1974 3027 Cambysis
2016 2947 2086 3007 ab
2129 2948 2334 3008 ceteris
2366 2949 2437 3008 de
2476 2967 2571 3007 re-

452 3049 569 3109 gno
604 3033 860 3093 deiectos
894 3052 1040 3093 esse.
1099 3033 1215 3093 Iam
1244 3033 1534 3110 plurimos
1564 3051 1810 3110 regnum
1850 3033 2000 3093 ultro
2038 3033 2417 3105 detrectasse3
2457 3032 2569 3092 sibi

439 3115 633 3194 magis
665 3119 893 3195 placere
921 3118 991 3177 ad
1024 3136 1197 3177 suum
1227 3117 1534 3178 arbitrium
1563 3117 1755 3177 vivere
1775 3119 1799 3156 ⁵
1817 3117 1894 3187 9).
1964 3118 2388 3195 Artaphernem
2405 3135 2566 3189 vero,

446 3299 482 3348 1.
517 3297 770 3360 VII—X,
806 3300 872 3350 48
905 3302 1082 3357 Δᾶτις
1123 3296 1153 3350 ὁ
1193 3302 1303 3352 τῶν
1337 3301 1577 3367 Περσῶν
1610 3296 1919 3366 στρατηγὸς
1949 3298 2159 3365 Μῆδος
2192 3295 2271 3351 ὢν
2300 3296 2366 3350 τὸ
2404 3300 2568 3368 γένος

445 3366 537 3415 καὶ
579 3362 732 3432 παρὰ
768 3369 880 3431 τῶν
913 3363 1213 3436 προγόνων
1244 3365 1605 3436 παρειληφὼς
1639 3362 1724 3418 ὅτι
1761 3364 1975 3432 Μήδου
2008 3369 2106 3417 τοῦ
2140 3368 2564 3435 συστησαμένου

449 3430 550 3497 τὴν
590 3434 830 3497 ΙνΙηὸίαν
873 3433 1161 3500 ,Ἀθηναῖοι
1201 3438 1544 3499 κατέστησαν
1584 3432 1892 3516 ἀπόγονοι,
1931 3431 2228 3487 ἀπέστειλε
2261 3433 2407 3500 πρὸς
2438 3433 2567 3491 τοὺς

452 3497 784 3565 ,Ἀθηναίους
817 3505 1002 3556 εἰπεῖν
1036 3500 1109 3560 ὡς
1141 3500 1383 3571 πάρεστι
1412 3499 1552 3572 μετὰ
1580 3502 1869 3571 δυναμεως
1901 3499 2231 3583 ἀπαιτήσων
2263 3499 2363 3565 τὴν
2384 3498 2566 3569 ἀρχὴν

443 3564 542 3632 τὴν
569 3568 914 3635 προγονικήν
936 3572 1063 3636 κτλ.,
1088 3569 1150 3621 cf.
1174 3572 1286 3620 Sch.
1308 3572 1433 3621 Ven.
1460 3574 1615 3622 Arist.
1635 3571 1750 3620 Pac.
1777 3588 1824 3621 v.
1854 3571 1953 3621 2559
1987 3565 2052 3620 ὃν
2077 3565 2563 3635 αντιποιήσασθαι

442 3637 540 3700 τῆς
576 3631 816 3702 Ἀττικῆς
859 3634 931 3695 ὠς
979 3638 1129 3695 ἰδίας
1169 3638 1489 3701 (ἑλληνίζειν
1521 3636 1859 3707 βουλόμενος
1890 3640 2028 3688 addit
2061 3639 2175 3688 Sch.
2204 3640 2405 3702 vulg.),
2441 3633 2558 3687 ἀπὸ

444 3700 658 3770 Μήδου
680 3702 788 3775 γὰρ
813 3707 912 3756 τοῦ
938 3706 1201 3769 Μηδείας
1223 3710 1315 3757 καὶ
1338 3708 1564 3774 Αἰγέως
1588 3702 1770 3756 ἐδόκει
1796 3705 1954 3757 εἶναι.
2210 3738 2216 3743 -

581 3775 663 3830 58)
703 3776 793 3839 Ap.
820 3777 1054 3840 Aeschyl.
1078 3776 1219 3825 Pers,
1246 3793 1295 3825 v.
1317 3776 1414 3823 780
1443 3778 1569 3823 idem
1590 3776 1874 3823 nominatur
1893 3770 2138 3841 Μᾶρφις
2153 3774 2236 3822 vel
2258 3768 2558 3839 Μάραφις.

443 3842 585 3906 Apud
624 3842 806 3891 Herod.
840 3841 885 3904 1,
917 3843 1010 3891 125
1038 3842 1278 3906 Maraphii
1307 3850 1422 3891 sunt
1449 3844 1582 3890 inter
1605 3857 1791 3903 genera
1818 3841 2101 3891 Persarum.
2151 3841 2321 3905 steph.
2359 3840 2410 3888 Β.
2439 3856 2480 3888 8.
2506 3856 2555 3888 v.

442 3911 641 3958 eosdem
676 3926 704 3958 a
742 3926 860 3972 rege
895 3912 1102 3974 quodam
1139 3910 1392 3973 Maraphio
1431 3911 1593 3958 dictos
1632 3911 1884 3973 perhibet,
1931 3926 2076 3974 quem
2113 3910 2381 3958 Ariaethus
2418 3908 2556 3966 (libb.

441 3979 705 4036 Δίαιθος)
733 3979 859 4041 apud
889 3978 1054 4026 Schol.
1083 3985 1135 4026 et
1157 3979 1381 4026 Eustath.
1406 3977 1464 4027 Il.
1492 3996 1543 4043 y,
1572 3978 1664 4025 175
1692 3979 1809 4026 dicit
1836 3978 1984 4026 lilium
2008 3977 2226 4026 Helenae
2247 3982 2300 4025 ct
2321 3974 2553 4023 Menelai.

579 4045 659 4105 59)
690 4045 747 4093 οἱ
767 4043 874 4112 μὲν
898 4038 1000 4096 οὖν
1021 4038 1181 4095 ἄλλοι
1202 4041 1404 4109 ταύτην
1424 4041 1542 4110 (τὴν
1562 4045 1864 4110 βασιλείαν)
1891 4046 2080 4110 λαβεῖν
2099 4040 2421 4098 ἀπείπαντο
2446 4036 2558 4108 φή-
