2867 4717
507 407 568 457 18
1216 406 1296 456 De
1332 405 1632 472 Aeschyli
1669 405 1898 457 Persis,

421 600 474 639 aa
672 574 834 646 Quae
862 572 924 634 in
950 571 1175 634 Phineo
1207 571 1519 636 obscurius
1551 577 1610 633 et
1634 571 1731 647 ita,
1767 576 1835 636 ut
1861 588 2068 634 eorum
2100 577 2210 646 est,
2254 572 2355 653 qui
2398 572 2609 653 aliquid

502 656 639 718 olim
668 657 933 720 futurum
964 655 1393 736 praenuntiant,
1424 656 1885 737 praesignificata
1915 664 2098 732 erant,
2142 676 2210 719 ea
2238 656 2299 719 in
2329 658 2526 720 Persis
2557 666 2612 719 et

496 743 559 804 in
590 742 802 804 Glauco
824 749 948 804 rata
976 743 1141 817 fiunt,
1173 750 1232 805 et
1258 743 1567 806 manifesto
1599 749 1868 821 aguntur,
1898 750 1956 804 et
1984 742 2218 823 quidem
2242 744 2338 818 ita,
2369 749 2434 804 ut
2455 743 2612 805 anti-

498 846 679 906 quum
708 828 848 889 illud
878 828 1212 890 vaticinium
1256 828 1314 889 in
1359 836 1602 908 utraque
1638 828 1849 902 fabula,
1902 828 1965 890 in
2008 829 2201 893 Persis
2243 847 2275 890 a
2313 828 2506 902 Dario,
2547 830 2611 890 in

499 912 716 976 Glauco
749 933 782 975 a
814 913 1029 976 Glauco
1060 914 1288 976 vatibus
1327 914 1672 994 excipiatur,
1714 920 2043 987 enarretur,
2082 914 2484 994 amplificetur.
2543 914 2610 976 In

418 1015 469 1056 37
499 997 697 1060 Persis
728 998 884 1059 enim
913 1000 1030 1061 hoc
1066 1001 1149 1061 ita
1176 999 1395 1061 factum
1437 1006 1544 1074 est,
1582 1006 1649 1061 ut
1684 1000 1998 1061 Persarum
2040 999 2421 1080 potissimum
2460 1000 2607 1062 ratio

497 1083 829 1146 haberetur.
894 1085 964 1145 In
1003 1085 1220 1148 Glauco
1262 1081 1388 1145 sine
1428 1084 1607 1146 dubio
1651 1091 2056 1146 consummata
2095 1091 2217 1147 erat
2253 1084 2609 1148 Graecorum

499 1170 766 1231 omnium
795 1169 941 1242 laus,
968 1169 1225 1245 libertas,
1253 1170 1554 1250 beataque,
1586 1171 1802 1251 quippe
1824 1188 1969 1250 quae
1991 1176 2221 1233 aeterna
2242 1170 2368 1249 lege
2391 1171 2610 1233 sancita

497 1262 669 1328 esset,
701 1255 976 1317 conditio.
1034 1256 1159 1317 Nos
1199 1261 1422 1329 autem,
1453 1256 1731 1336 quoniam
1762 1262 1946 1318 cetera
1978 1256 2124 1318 edax
2158 1262 2416 1317 vetustas
2463 1274 2607 1317 con-

497 1341 726 1415 sumsit,
774 1340 848 1401 iis
885 1341 1029 1421 jam,
1083 1360 1228 1421 quae
1267 1342 1330 1401 in
1368 1339 1567 1403 Persis
1609 1340 1801 1402 fabula
1840 1348 2088 1415 exstant,
2131 1341 2211 1402 ita
2249 1347 2503 1415 utamur,
2543 1347 2611 1402 ut

498 1444 673 1506 quam
704 1427 954 1487 maxime
982 1427 1106 1488 fieri
1137 1427 1352 1506 poterit
1375 1434 1592 1489 certam
1611 1426 1945 1504 imaginem,
1978 1433 2035 1487 et
2056 1426 2397 1488 continuam
2421 1442 2607 1506 quan-

490 1512 630 1573 dam
661 1530 861 1573 earum
904 1530 1232 1586 causarum,
1269 1521 1515 1592 propter
1551 1530 1695 1592 quas
1740 1513 1946 1590 ingens
1985 1511 2125 1575 illud
2163 1512 2380 1574 malum
2412 1511 2606 1573 Persis

497 1596 786 1670 acciderit,
819 1596 1028 1658 seriem
1060 1598 1402 1666 efficiamus.

663 1682 863 1742 Persis
905 1682 1067 1757 Asia,
1109 1680 1339 1744 Graecis
1378 1681 1573 1744 Hellas
1614 1681 2042 1761 assignatam).
2110 1680 2292 1760 Igitur
2327 1681 2415 1743 fas
2456 1687 2606 1755 esto,

496 1768 621 1827 suis
650 1774 933 1847 utrosque
955 1767 1221 1828 terminis
1247 1786 1379 1828 sese
1403 1766 1707 1841 contineri,
1736 1774 1795 1829 et
1821 1765 1990 1827 nefas
2021 1773 2169 1841 estc,
2200 1784 2437 1829 sacrum
2466 1766 2605 1828 illud

494 1850 856 1932 Hellesponti
889 1852 1210 1914 confinium
1241 1852 1311 1914 ab
1343 1860 1479 1914 utro
1510 1852 1749 1914 turbari.
1818 1851 2032 1913 Verum
2058 1852 2356 1913 enimvero
2387 1853 2603 1914 factum

494 1944 600 2010 est,
642 1944 709 2000 ut
736 1937 1066 2000 turbaretur
1103 1958 1136 2000 a
1165 1938 1382 1999 Persis,
1455 1939 1693 2000 Factum
1735 1944 1855 2009 est,
1895 1936 2077 2017 igitur·
2106 1938 2603 2017 praedestinatum

494 2030 620 2083 erat
647 2022 818 2085 etiam
850 2023 981 2097 hoc,
1012 2042 1152 2085 nam
1184 2023 1379 2085 omnia
1409 2023 1834 2104 praedestinata
1876 2029 2035 2084 sunt.
2106 2021 2604 2084 Praedestinatum

417 2131 469 2169 as
497 2114 688 2168 autem
719 2108 835 2169 hoc
860 2108 940 2169 ita
971 2116 1107 2182 erat,
1143 2115 1227 2183 ut,
1268 2108 1545 2187 quoniam
1575 2109 1663 2170 fas
1695 2114 1817 2169 erat
1846 2107 2163 2170 confinium
2195 2107 2330 2169 illud
2374 2107 2607 2181 servari,

494 2192 661 2255 nefas
692 2192 930 2266 turbari,
960 2194 1000 2254 ii
1030 2199 1243 2267 autem,
1273 2194 1372 2271 qui
1402 2194 1460 2254 id
1495 2194 1651 2273 quod
1680 2193 1846 2255 nefas
1880 2200 1972 2254 est
2007 2194 2195 2254 facere
2224 2192 2605 2255 nihilominus

491 2296 614 2338 non
645 2284 929 2353 metuunt,
959 2278 1343 2341 atrocissimis
1384 2298 1416 2340 a
1456 2279 1566 2340 diis
1617 2278 1826 2359 poenis
1866 2277 2226 2352 afficiuntur,
2265 2295 2392 2339 eam
2432 2277 2608 2355 igitur

495 2363 570 2424 ob
598 2383 832 2425 causam
862 2363 1083 2425 nefario
1113 2364 1191 2425 illi
1220 2363 1395 2424 Xerxi
1413 2365 1535 2441 58),
1570 2364 1668 2443 qui
1700 2364 1837 2426 illud
1864 2363 2084 2437 fecerit,
2117 2363 2420 2437 etPersiS,
2451 2380 2607 2442 quo-

491 2467 623 2509 rum
646 2449 865 2510 Xerxes
889 2468 991 2510 rex
1020 2456 1179 2511 esset
1197 2445 1357 2525 58¹³),
1399 2449 1838 2512 crudelissimae
1874 2467 2099 2528 poenae
2142 2448 2606 2529 praedispositae

492 2542 693 2595 essent
720 2541 894 2613 atque
922 2535 1478 2615 praedeterminatae
1496 2535 1521 2575 5
1538 2536 1617 2611 9).
1740 2543 1744 2547 ’

659 2620 933 2699 Aequalia¹
970 2620 1164 2681 omnia
1207 2639 1239 2682 a
1280 2619 1496 2681 Natura
1534 2618 1689 2680 facta
1729 2626 1896 2693 sunt,
1939 2627 1997 2680 et
2034 2619 2110 2679 ita
2149 2636 2252 2680 sua
2294 2617 2605 2697 unicuique

488 2705 722 2778 tributa,
754 2711 820 2766 ut
847 2705 943 2766 ille
973 2723 1351 2767 communem
1378 2705 1552 2766 istam
1578 2703 1978 2783 aequalitatem
2003 2710 2287 2765 servatam
2309 2703 2458 2765 velit.
2519 2704 2603 2764 Ita

488 2928 588 2983 tur,
613 2919 966 2971 Themistoclis
992 2922 1251 2972 consilium
1271 2920 1527 2970 luculento
1548 2921 1978 2985 splendidissimae
1997 2920 2286 2983 tragoediae
2306 2920 2601 2970 documento

487 2989 751 3040 ad‘uvans.

546 3005 568 3052 J
624 3057 707 3117 57)
731 3051 769 3141 ᾗ
788 3054 896 3123 μὲν
914 3051 1148 3106 Ἑλλάδα
1171 3058 1356 3122 γαῖαν,
1380 3049 1412 3118 ἡ
1439 3053 1501 3106 δὲ
1536 3050 1819 3137 βάρβαρον
1842 3051 2024 3138 κλήρῳ
2049 3056 2302 3137 λιξχοῦσα
2335 3054 2397 3105 cf.
2422 3071 2471 3106 v.
2501 3053 2601 3103 762

487 3140 593 3190 sqq.
619 3121 678 3182 ἐξ
701 3140 832 3190 ουγε
852 3119 1021 3191 τιμὴν
1047 3119 1187 3181 Ζεὺς
1210 3119 1347 3182 ἅναξ
1369 3118 1469 3187 τὴν
1494 3119 1530 3172 (5
1583 3119 1830 3187 ὤπασεν,
1856 3119 1929 3175 ἕν’
1958 3119 2100 3191 ἆνδρ
2143 3118 2605 3188 ἁπάσηςᾎσίδος

486 3194 693 3259 ταγεῖν,
722 3190 920 3259 ἔχοντα
944 3193 1230 3259 σκῆπτρον
1256 3185 1635 3262 εὐθυντήριον.
1658 3220 1728 3229 --
1752 3192 1823 3241 De
1849 3192 1974 3243 Jove
2000 3207 2149 3255 reges
2184 3193 2524 3242 constituente
2550 3206 2601 3241 v.

484 3258 642 3310 Rlaus
668 3275 713 3324 p.
741 3260 824 3309 82.
861 3258 1087 3324 Quantae
1109 3276 1258 3332 curae
1286 3261 1333 3310 id
1358 3259 1549 3311 Nostro
1574 3258 1746 3323 fuerit,
1771 3267 1828 3310 ut
1851 3267 2191 3325 spectatorum
2215 3260 2365 3310 animi
2389 3260 2451 3309 ad
2476 3260 2603 3308 banc

483 3329 706 3378 idearum
729 3330 1132 3393 consequentiam
1154 3328 1337 3379 attenti
1363 3329 1655 3392 reddantur,
1681 3328 1729 3378 id
1754 3344 1820 3379 ex
1846 3344 1905 3377 eo
1943 3329 2092 3378 etiam
2129 3327 2310 3391 elucet,
2348 3328 2478 3392 quod
2498 3326 2603 3375 Da-

483 3397 702 3512 riumfex
726 3395 897 3461 primis
921 3396 1194 3462 quibusque
1231 3396 1548 3447 Persicarum
1585 3411 1754 3446 rerum
1787 3396 2071 3462 primordiis
2105 3396 2380 3446 orationem
2414 3395 2600 3445 ducen-

484 3471 584 3514 tem
630 3464 746 3514 ecit.

621 3530 703 3593 58)
729 3527 967 3599 θούριος
991 3529 1208 3599 Ξέρξης,
1236 3527 1573 3602 δύςποτμος,
1600 3529 1863 3599 ἔκθυμος.

619 3599 734 3662 581»)
762 3599 841 3649 Ex
882 3601 1046 3666 prisco
1082 3600 1201 3664 jure
1243 3609 1483 3665 peccante
1525 3616 1644 3663 rege
1679 3616 1777 3649 una
1811 3600 2049 3666 plectitur
2090 3600 2316 3667 populus,
2367 3605 2599 3650 monente

483 3666 758 3719 Welckero
783 3667 948 3717 Prom.
974 3684 1021 3734 p.
1043 3668 1159 3718 384.
1185 3667 1249 3717 cf.
1275 3668 1414 3718 Pind.
1441 3668 1589 3735 Pyth.
1620 3671 1691 3720 X.
1714 3668 1797 3717 47.

618 3735 702 3798 59)
729 3738 976 3803 γίγνεται
1000 3733 1110 3804 γὰρ
1136 3732 1202 3786 οὐ
1228 3731 1293 3786 τὰ
1318 3734 1441 3804 μὲν,
1466 3730 1532 3785 τὰ
1561 3729 1704 3798 δὀὔ,

480 3804 515 3853 i.
541 3820 587 3854 e.
614 3820 711 3854 non
737 3811 855 3864 tam,
876 3804 1036 3854 omnia
1062 3812 1173 3853 rata
1191 3805 1333 3865 fiunt,
1357 3820 1526 3869 quam:
1553 3804 1652 3852 alia
1675 3819 1770 3853 non
1792 3812 1903 3856 rata
1922 3806 2061 3866 fiunt,
2088 3820 2197 3855 cum
2215 3803 2314 3854 alia
2334 3810 2445 3853 rata
2465 3800 2600 3853 facta

480 3873 598 3922 sint.
646 3871 854 3922 Factum
879 3879 975 3935 est,
1007 3879 1063 3922 ut
1091 3871 1298 3922 Xerxes
1332 3872 1714 3937 Hellespontum
1749 3871 1995 3936 junxerit,
2031 3872 2291 3923 Graeciam
2334 3871 2596 3921 invaserit.

479 3938 587 3990 Hoc
609 3936 750 3989 nefas
775 3947 902 3990 erat.
949 3938 1109 4003 Igitur
1142 3942 1290 3990 etiam
1323 3940 1449 3990 illud
1482 3940 1588 4005 fiet,
1624 3947 1679 3991 ut
1713 3939 1918 3993 Xerxes
1959 3956 2145 4007 poenas
2186 3940 2343 3990 malas
2386 3939 2598 3990 daturus

480 4007 564 4056 sit.
588 4033 656 4044 -—
678 4007 808 4057 Idem
844 4008 1028 4058 dicitur
1050 4008 1151 4058 illis
1175 4008 1346 4059 verbis
1370 4009 1765 4061 venustissimis:
1790 4005 2019 4060 -.ὃ’ταν
2052 4003 2267 4077 σπεύδῃ
2302 4006 2398 4072 τὶς,
2432 4000 2601 4063 αὐτὸς

474 4069 560 4146 χὼ
582 4069 718 4129 θεὸς
740 4071 1089 4133 §nudatam
