2867 4717
316 2123 413 2167 ’86

449 432 519 485 52
1259 432 1351 483 De
1387 430 1742 485 Hellanico

617 587 861 649 Iunonis
909 585 1149 662 Argivae
1178 586 1380 664 religio
1412 586 1583 647 sicuti
1614 586 2020 664 antiquissima
2059 594 2183 649 erat
2206 594 2265 648 et
2302 606 2440 649 cum
2468 588 2563 666 ip-

450 672 533 733 sis
565 672 792 733 illarum
832 669 1137 746 regionum
1179 671 1520 748 primordiis
1566 671 1978 745 contexta⁶¹)‚
2023 670 2101 731 ita
2142 673 2361 733 mansit
2391 673 2565 733 etiam

448 765 588 836 post
627 756 1071 834 occupationem
1111 754 1490 815 Doriensium
1544 755 1913 816 sanctissima
1962 754 2281 835 vicinisque
2328 758 2564 837 populis

440 839 923 902 celebratissima.
987 838 1298 915 Templum
1338 840 1411 899 ab
1451 840 1621 916 Argis
1663 839 1913 901 distabat
1940 839 2089 899 stad.
2121 842 2223 912 45,
2268 842 2487 903 Herod.
2520 843 2563 914 Ι,

450 926 550 997 31,
583 945 613 985 a
635 924 889 1003 Mycenis
921 924 1069 983 stad.
1100 924 1195 993 15,
1225 923 1397 984 PauS.
1421 920 1491 995 11,
1526 925 1622 995 17,
1663 926 1713 983 1.
1767 924 1918 984 Hinc
1939 931 2050 984 eta
2073 924 2391 1005 Tirynthiis
2413 927 2566 987 anti-

448 1009 768 1089 quissimae
798 1006 1131 1068 sacerdotes
1156 1008 1548 1086 capiebantur,
1572 1008 1797 1080 deinde,
1818 1015 2134 1087 postquam
2158 1013 2347 1088 Argos
2372 1012 2568 1072 omnis

449 1113 514 1155 se
542 1095 748 1154 harum
789 1092 1097 1169 regionum
1138 1093 1400 1170 potentia
1440 1099 1829 1165 contraxerat,
1868 1112 1937 1152 ex
1984 1094 2232 1168 Argivis.
2302 1095 2567 1170 Quarum

448 1179 819 1238 sacerdotum
852 1183 1071 1236 statuas
1103 1184 1237 1236 ante
1265 1178 1550 1255 templum
1575 1178 1801 1260 positas
1826 1176 1971 1237 vidit
1999 1177 2337 1252 PausaniaS‚
2369 1181 2569 1241 heroi-

446 1262 559 1323 bus
591 1259 973 1331 intermixtaS,
1004 1278 1176 1337 quem
1207 1262 1499 1321 honorem
1533 1268 1592 1322 et
1619 1269 1866 1340 propter
1901 1265 2165 1323 muneris
2205 1265 2568 1325 sanctitatem

445 1347 735 1410 meruisse
776 1346 1043 1406 videntur
1081 1351 1139 1405 et
1179 1354 1421 1423 propter
1464 1364 1789 1418 summam,
1847 1364 1963 1423 qua
2004 1347 2168 1424 ipsae
2218 1349 2568 1427 conspicuae

446 1438 631 1504 erant,
671 1431 898 1509 generis
931 1429 1327 1490 nobilitatem:
1373 1437 1528 1491 certe
1567 1431 1718 1491 inter
1758 1431 2199 1508 antiquissimas
2242 1433 2439 1511 plures
2468 1452 2566 1493 re-

446 1516 717 1594 gulorum
747 1514 836 1574 vel
865 1514 1013 1574 filiae
1043 1515 1133 1573 vel
1155 1532 1394 1575 sorores
1420 1522 1827 1575 numerantur.
1881 1515 2148 1576 Ceterum
2174 1518 2567 1578 sacerdotium

449 1600 805 1678 gentilicium
840 1606 983 1670 erat,
1016 1607 1169 1659 certe
1193 1599 1619 1676 antiquioribus
1651 1599 2019 1678 temporibus
2038 1602 2161 1675 ⁶2),
2193 1602 2567 1680 singulaeque

449 1684 807 1762 eligebantur
836 1683 895 1743 in
927 1684 1121 1755 vitam,
1151 1684 1230 1743 ita
1259 1690 1481 1757 tamen,
1512 1691 1576 1744 ut
1605 1683 1824 1743 nubere
1855 1692 2104 1762 possent
2129 1686 2283 1757 viro,
2318 1686 2475 1764 quod
2507 1686 2566 1746 in

449 1768 855 1830 sacerdotibus
885 1768 1127 1828 lunonis
1167 1768 1308 1828 satis
1339 1787 1448 1846 per
1478 1787 1541 1827 se
1571 1775 2029 1829 consentaneum
2061 1778 2152 1830 est
2181 1778 2239 1830 et
2275 1770 2565 1830 luculento

445 1852 690 1931 insuper
719 1852 982 1929 exemplo
1014 1852 1300 1929 probatur
1329 1870 1435 1930 per
1465 1860 1710 1913 matrem
1738 1852 1967 1913 Cleobis
1996 1861 2170 1932 atque
2191 1854 2436 1916 Bitonis,

615 1937 735 1997 Iam
770 1936 927 2014 quod
958 1953 1064 2012 per
1093 1954 1302 1996 omnes
1338 1937 1695 1997 Graecorum
1721 1936 1979 1998 civitates
2002 1946 2230 1999 mature
2251 1958 2364 1999 usu
2391 1939 2567 2012 venit,

450 2030 515 2082 ut
544 2022 681 2082 anni
711 2020 939 2098 publice
978 2029 1429 2082 numerarentur
1459 2022 1577 2082 sive
1608 2023 1932 2082 secundum
1964 2024 2340 2100 magistratus
2374 2024 2568 2085 civiles

451 2106 571 2166 sive
601 2106 925 2183 secundum
955 2103 1080 2164 eius
1122 2105 1452 2182 religionis,
1504 2126 1650 2185 quae
1694 2107 1847 2185 apud
1891 2126 2158 2186 quosque
2198 2108 2568 2169 sanctissima

451 2197 590 2262 erat,
623 2188 909 2251 antistites
936 2188 1064 2266 6²³³),
1093 2189 1249 2249 idem
1280 2190 1434 2267 apud
1468 2190 1713 2267 Argivos
1745 2190 1962 2251 factum
1994 2200 2061 2251 ut
2091 2193 2334 2253 lunonis
2368 2211 2568 2254 sacer-

453 2275 658 2335 dotum
690 2272 1030 2334 nominibus
1060 2274 1346 2352 temporis
1377 2275 1721 2335 discrimina
1752 2282 2114 2338 notarentur.
2169 2278 2298 2349 Qua
2329 2297 2399 2337 ex
2420 2295 2568 2338 con-

448 2359 755 2420 suetudine
785 2377 925 2417 mox
955 2358 1249 2417 successio
1290 2358 1579 2437 quaedam
1611 2365 1781 2437 atque
1820 2360 2000 2420 series
2041 2380 2330 2422 annorum
2360 2362 2568 2422 simili-

447 2452 535 2504 ter
577 2443 1060 2519 consignatorum
1105 2443 1255 2502 facta
1301 2450 1420 2516 est,
1470 2444 1736 2503 numeris
1776 2444 1947 2505 etiam
1980 2463 2301 2518 annorum,
2352 2447 2568 2525 quibus

446 2528 693 2606 quisque
722 2543 967 2587 munere
1008 2545 1115 2586 suo
1148 2526 1386 2588 functus
1417 2535 1561 2606 erat,
1592 2528 1849 2601 adiectiS‚
1883 2528 2046 2589 cuius
2078 2532 2303 2607 generis
2334 2549 2570 2590 memo-

448 2612 626 2672 rabile
656 2610 984 2690 exemplum
1027 2618 1214 2671 exstat
1254 2611 1314 2670 in
1355 2612 1523 2672 titulo
1554 2612 2074 2684 Halicarnassensi,
2117 2633 2149 2674 a
2180 2615 2477 2675 Boeckhio
2507 2615 2570 2675 in

446 2697 622 2775 Corp.
652 2698 839 2757 Inscr.
874 2694 998 2756 vol.
1029 2694 1081 2754 Π
1109 2713 1168 2755 n.
1203 2695 1369 2757 2655
1400 2703 1677 2770 tractato,
1719 2717 1835 2776 quo
1866 2698 2165 2758 successio
2198 2700 2570 2760 sacerdotum

583 2911 668 2967 61)
698 2910 843 2960 Paus.
868 2911 937 2976 11,
967 2913 1055 2974 15,
1092 2915 1125 2962 4
1148 2911 1209 2965 ἐν
1238 2909 1348 2980 γὰρ
1383 2914 1451 2983 τῇ
1485 2915 1589 2966 νῦν
1625 2908 1906 2982 Ἀργολίδι
1941 2911 2329 2984 ὀνομαζομένη
2362 2914 2430 2968 τὰ
2464 2916 2571 2986 μὲν

444 2975 531 3026 ἔτι
555 2973 899 3061 παλαιότερα
925 2975 992 3029 οὐ
1014 2976 1485 3047 μνημονεύουσιν,
1523 2977 1753 3047 Ἴναχον
1777 2980 1838 3033 δὲ
1869 2978 2235 3048 βασιλεύοντα
2260 2969 2360 3036 τὸν
2384 3001 2444 3036 τε
2468 3002 2571 3035 πο-

446 3042 630 3111 ταμὸν
653 3040 750 3111 ἀφ’
781 3048 953 3097 αυτοῦ
977 3048 1237 3113 λέγουσιν
1261 3042 1547 3114 ὀνομάσαι
1570 3051 1662 3096 καὶ
1687 3051 1865 3099 θῦσαι
1888 3051 1956 3120 τῇ
1987 3046 2153 3120 Ἵῖρᾳ.
2203 3052 2391 3101 Eodem
2416 3054 2570 3118 perti-

448 3120 536 3162 net
575 3113 705 3178 quod
741 3111 934 3177 Ionem,
971 3116 1175 3178 primam
1207 3113 1410 3164 Iunonis
1456 3117 1787 3180 sacerdotem,
1823 3119 1964 3167 multi
2000 3120 2231 3185 interque
2266 3134 2356 3169 eos
2390 3120 2571 3170 Castor

448 3180 802 3242 chronologus,
829 3182 979 3231 filiam
1003 3181 1168 3231 Inachi
1195 3182 1443 3245 dicebant,
1468 3198 1519 3232 v.
1547 3181 1779 3247 Apollod.
1803 3185 1862 3245 Π,
1890 3184 1937 3248 3,
1965 3185 2014 3236 3.

584 3246 669 3308 62)
706 3248 864 3298 Simili
901 3250 1078 3313 opinor
1108 3251 1218 3298 iure
1261 3258 1411 3316 atque
1460 3253 1795 3302 sacerdotium
1829 3251 2048 3318 Neptuni
2090 3253 2567 3318 Halicarnassensis,

448 3316 578 3380 quod
604 3329 669 3363 ex
695 3315 842 3365 titulo
867 3318 1019 3367 inscr.
1046 3317 1324 3367 illustravit
1347 3318 1624 3367 Boeckbius
1653 3319 1705 3368 C.
1730 3319 1768 3370 Ι.
1797 3319 1855 3381 11,
1882 3336 1929 3385 p.
1955 3322 2073 3371 451.

572 3380 668 3461 ’63)
698 3381 784 3431 Sic
819 3399 898 3449 ap.
925 3384 1190 3450 Sicyonios
1225 3388 1517 3435 sacerdotes
1552 3386 1800 3450 Apollinis
1835 3387 2016 3438 Carnei
2052 3404 2143 3454 per
2167 3388 2231 3437 33
2265 3405 2424 3439 annos
2450 3404 2571 3454 epo-

449 3457 874 3567 sstffssb?'v‘²¹;¹t‘.².{·.
899 3451 2397 3588 5125‘5‘5‘1332igssssba‘i-ssz‘?¹1¹;.51ft-1{t{¹.l{gss‘ffiss'{mlta}
2418 3456 2569 3573 {3122}

450 3592 604 3648 temp.
631 3585 909 3635 Amstelod.
940 3585 1087 3637 1658.
1132 3587 1377 3637 Similiter
1400 3589 1530 3652 apud
1556 3588 1806 3651 Tegeatas
1832 3591 1948 3639 anni
1974 3607 2247 3658 eponymus
2279 3589 2374 3640 fuit
2398 3605 2570 3640 sacer—

449 3653 541 3701 dos
570 3652 827 3701 Minervae
853 3654 1037 3715 Aleae,
1074 3671 1123 3703 v.
1150 3655 1361 3704 Boeckb.
1388 3654 1442 3704 C.
1466 3653 1502 3704 Ι.
1528 3654 1567 3718 1,
1592 3671 1639 3720 p.
1668 3657 1780 3721 701,
1812 3657 1943 3707 Ross
1968 3657 2124 3709 Inscr.
2153 3658 2240 3708 Gr.
2269 3660 2399 3708 ined.
2436 3675 2483 3708 n.
2512 3658 2570 3720 23

448 3720 736 3770 Mantineae
772 3723 1010 3771 sacerdos
1044 3721 1263 3786 Neptuni
1300 3722 1593 3787 Equestris,
1628 3722 1757 3773 Ross
1789 3725 1855 3774 ib.
1893 3742 1942 3775 n.
1978 3726 2009 3775 9
2034 3743 2081 3792 p.
2118 3727 2151 3774 4
2176 3726 2231 3785 b3
2268 3727 2364 3776 5a.
2413 3727 2570 3787 Adde,

451 3802 656 3851 quorum
683 3789 907 3838 meminit
928 3790 1202 3839 Boeckbius
1228 3789 1261 3838 l.
1284 3805 1344 3854 c.‚
1370 3791 1685 3840 sacerdotem
1714 3807 2009 3859 eponymum
2041 3796 2089 3843 in
2118 3795 2336 3842 decretis
2366 3794 2573 3858 Amphi-

452 3855 697 3920 ctyonicis
733 3870 811 3919 ap.
841 3856 1092 3906 Demosth.
1130 3858 1192 3905 de
1226 3872 1331 3906 cor.
1367 3872 1413 3921 p.
1444 3856 1542 3906 278
1588 3856 1734 3921 Rsk„
1773 3857 2081 3929 ἱεράπολον
2103 3877 2181 3925 ap.
2207 3864 2495 3909 Acarnanes
2520 3868 2574 3911 et

453 3920 730 3984 Gelenses,
757 3920 1146 3991 ἱεραμνοῖμονα
1169 3939 1246 3988 ap.
1270 3924 1542 3990 Byzantios
1557 3964 1570 3985 ,
1597 3923 1894 3992 ἱεροθύτας
1915 3944 1993 3993 ap.
2015 3929 2372 3991 Agrigentinos
2393 3937 2445 3978 et
2467 3928 2574 3978 Me-

402 4021 407 4025 ·
451 3988 680 4049 litenses,
716 3998 769 4039 et
793 4007 857 4040 ex
885 3990 1203 4041 inferioribus
1231 3993 1535 4041 Athenarum
1571 3996 1876 4059 temporibus
1912 3998 2226 4046 sacerdotem
2258 3994 2371 4047 τῶν
2396 3991 2572 4063 σωτή-

454 4070 582 4121 ρων,
609 4072 658 4106 v.
685 4055 816 4107 Plut.
841 4074 890 4109 v.
916 4061 1137 4109 Demetr.
1164 4075 1208 4109 c.
1233 4058 1328 4121 463
1355 4060 1571 4111 Boeckh.
1598 4062 1659 4110 de
1685 4061 1905 4112 Philocb.
1933 4079 1979 4129 p.
2008 4064 2055 4113 6.
