2867 4717
426 433 535 491 880
1319 429 1641 497 Beitriige
1767 429 1772 433 ’

423 585 763 671 τισόμενος
798 586 970 671 πρὸς
1064 584 1121 649 *v
1157 583 1276 650 τοῦ
1309 582 1480 648 θεοῦ
1518 579 1953 647 διατύπωσιν.
2024 573 2289 649 Ἦλθον
2324 581 2442 649 καὶ
2480 581 2547 650 ἓν

421 668 652 758 ῗΆργει
666 668 827 759 ἔντῇ
838 672 957 775 τῆς
972 667 1003 691 ‘'
1069 692 1188 756 ρας
1201 668 1446 754 τελετῇ,
1473 663 1776 753 ἐμυήθην
1794 663 1931 731 ἐκεῖ
1952 667 2200 750 βουλὰς
2221 663 2545 774 ἓνότῃτος,

318 783 402 828 σεο
429 752 624 841 ἀέρος
653 755 821 842 πρὸς
850 752 1096 861 αιθέρα
1124 752 1242 818 καὶ
1273 748 1553 840 αἰθέρος
1581 751 1756 836 πρὸς
1785 746 1976 835 ἀέρα,
2010 748 2151 835 ἅμα
2183 750 2257 818 δὲ
2283 777 2399 818 και
2432 754 2549 841 γῆς

425 864 483 907 π
525 841 600 919 ὂς
645 837 822 926 ὕδωρ
871 839 987 905 καὶ
1027 837 1272 915 ύδατσς
1309 835 1480 923 πρὸς
1519 833 1766 921 άέραᾱ).
1823 829 2154 923 ’Έφθασα
2201 836 2319 902 καὶ
2359 835 2429 903 ἐν
2464 843 2548 926 τῇ

430 867 676 992 Ἰλιάδι
715 923 833 990 καὶ
872 923 992 1012 τήν
1029 921 1442 1010 ταυρόπσλσν
1464 916 1778 1007 Ἄρτεμιν
1813 919 2181 1005 κατέλαβον
2219 919 2288 987 ἐν
2314 927 2547 988 Λακε-

428 1008 725 1092 δαίμονι,
757 1010 867 1075 ἵνα
894 1006 1103 1092 μάθω
1131 1007 1289 1093 ὕλης
1317 1004 1626 1090 σύγχυσιν
1655 1005 1771 1070 καὶ
1803 1002 2133 1095 διαίρεσιν
2160 1006 2277 1071 καὶ
2303 1030 2547 1090 μετεω-

424 1094 700 1181 ρισμσύς
738 1094 941 1173 λοξῶν
969 1092 1087 1158 καὶ
1115 1088 1361 1177 ἀγρίων
1385 1088 1752 1178 διηγήσεων
1765 1096 1836 1168 θ).
1897 1091 2039 1155 Καὶ
2068 1093 2153 1155 τὰ
2184 1091 2354 1156 κατὰ
2380 1115 2548 1174 μαν-

424 1179 617 1266 τικήν
653 1175 1022 1284 κατείληφα
1061 1177 1247 1263 παρὰ
1278 1181 1554 1261 Φρυγῶν
1592 1173 1710 1239 καὶ
1738 1170 2258 1261 ἦπατσσκσπίαν
2287 1172 2550 1259 ἔμαθον

426 1263 544 1331 καὶ
583 1261 652 1330 ἐν
689 1268 1058 1351 βαρβαρσις
1097 1258 1457 1342 σίωνισμδν
1494 1260 1612 1325 καὶ
1648 1258 2082 1345 τετραπόδων
2125 1260 2393 1344 καμπὰς
2433 1259 2549 1325 καὶ

427 1348 804 1436 γνωστικῶν
840 1345 1320 1433 κληδσνισμσύς
1354 1342 1472 1409 καὶ
1501 1344 1726 1449 φωνῇν
1761 1345 2044 1430 τρισμσῦ
2079 1345 2328 1423 παντὸς
2356 1343 2549 1423 ξύλου

427 1433 544 1502 καὶ
566 1430 770 1499 λίθου
793 1433 908 1497 καὶ
929 1431 1166 1517 νεκρῶν
1197 1428 1265 1495 ἐν
1283 1426 1535 1516 τάφοις
1561 1453 1677 1494 και
1699 1431 1925 1515 θυρῶν
1946 1427 2219 1518 ψόφους
2238 1428 2352 1494 καὶ
2377 1429 2551 1494 παλ-

428 1518 594 1602 μούς
620 1518 836 1603 μελῶν
865 1513 1067 1600 ἔγνων
1093 1514 1209 1580 καὶ
1240 1509 1538 1597 αἱμάτων
1568 1514 1783 1602 φορὰς
1811 1512 1879 1579 ἐν
1906 1518 2052 1592 τοῖς
2081 1513 2384 1597 σώμασιν
2410 1508 2552 1579 κατ’

428 1600 772 1687 ἐνέργειαν,
804 1603 920 1666 καὶ
947 1599 1471 1687 μυρμηκιασμῶν
1499 1597 1849 1677 συστάσεις
1876 1597 1992 1664 καὶ
2022 1596 2402 1678 ἀνατάσεις,
2432 1597 2549 1663 καὶ

429 1687 638 1771 βολὰς
674 1684 889 1769 λόγων
924 1684 1041 1751 καὶ
1082 1680 1396 1769 α’ριθμῶν
1433 1679 1530 1760 εἰς
1566 1682 1799 1767 λόγους
1828 1683 1944 1748 καὶ
1973 1683 2186 1768 λόγων
2225 1680 2321 1762 εἷς
2349 1679 2555 1770 άριθ-

426 1771 618 1854 μσύς,
660 1770 777 1835 καὶ
807 1766 1253 1846 ἐπιπολαίους
1277 1766 1609 1846 κακώσεις
1637 1765 1962 1871 σωμάτων
1999 1763 2091 1845 ὥς
2120 1767 2410 1858 φυσικὰς
2436 1765 2555 1832 καὶ

430 1856 551 1933 τὰς
577 1855 872 1962 φυσικὰς
901 1850 993 1932 ὠς
1019 1850 1510 1932 ἐπιπλάστους,
1556 1853 1674 1957 ua}
1706 1849 1934 1937 ὅρκους
1962 1848 2409 1937 α’κσυσμένσυς
2435 1850 2553 1959 καὶ

430 1933 2554 2111 5222,‘32‘⁰v1'555‘222352202232‘3‘352223255223‘15‘32'4322522‘3022231

430 2108 621 2175 τικὸν
654 2047 813 2174 ffu-
852 2107 1208 2192 γνωστικὸν
1247 2088 1394 2171 οὔτε
1434 2105 1885 2191 πολύτροπον,
1927 2103 2002 2172 οὗ
2039 2109 2398 2195 μηχανικὸν
2438 2103 2556 2172 οὐκ

434 2188 751 2275 ἔντεχνον,
789 2187 943 2277 ἄχρι
980 2192 1100 2277 τῆς
1125 2190 1257 2255 τῶν
1284 2191 1558 2277 γραφῶν
1583 2191 1966 2280 μεταφορᾶς
2004 2192 2413 2277 μαγγανικῆς
2440 2190 2556 2256 καὶ

430 2278 563 2342 τῶν
589 2274 908 2342 τοιούτων
939 2271 1268 2340 ἁπάντων.
1328 2280 1414 2339 lm
1438 2280 1774 2359 Folgenden
1794 2280 2012 2341 erzfihlt
2033 2280 2355 2361 Cyprianus
2376 2280 2555 2353 noch,

434 2366 538 2427 wie
575 2384 640 2426 er
680 2366 926 2427 alsdann
966 2364 1119 2425 nach
1146 2364 1434 2442 Memphis
1476 2363 1538 2424 in
1566 2366 1867 2444 Aegypten
1904 2365 2026 2425 und
2069 2365 2298 2427 endlich
2336 2385 2409 2426 zu
2441 2366 2556 2426 den

433 2450 753 2513 Chaldfiern
781 2467 1080 2530 gegangen
1109 2449 1196 2525 aei
1223 2449 1344 2509 und
1375 2450 1525 2509 auch
1555 2449 1616 2509 in
1646 2450 1851 2510 diesen
1880 2450 2139 2510 Formen
2169 2450 2273 2510 des
2304 2450 2556 2511 Heiden-

431 2536 635 2597 thums
675 2536 781 2596 alle
819 2535 1103 2612 megliche
1132 2534 1417 2594 Weisheit
1452 2534 1514 2593 in
1553 2534 1976 2613 symbolisoher
2006 2534 2376 2613 Darstellung
2415 2535 2559 2595 oder

430 2620 822 2681 esoterischer
849 2618 1326 2680 Demonstration
1354 2618 1586 2679 kennen
1618 2619 1841 2697 gelernt
1869 2619 2044 2692 habe,
2077 2620 2231 2680 ohne
2259 2620 2557 2699 irgendwo

435 2705 847 2783 Befriedigung
876 2723 950 2765 zu
979 2703 1197 2763 finden.
1257 2702 1494 2764 Welohe
1524 2702 1867 2782 Wallungen
1898 2703 2003 2763 der
2027 2705 2423 2784 Superstition
2454 2705 2559 2765 be-

432 2798 662 2867 wegten
693 2790 914 2850 damals
947 2789 1039 2848 die
1067 2788 1309 2867 geistige
1338 2786 1519 2848 Welt!
1580 2787 1708 2848 Wie
1738 2788 1938 2849 wurde
1969 2789 2073 2849 das
2106 2790 2406 2850 suchende
2437 2789 2560 2849 Ge-

431 2875 605 2935 mu'ith
627 2892 743 2935 von
767 2874 958 2934 einem
982 2872 1361 2933 Dunstkreise
1389 2872 1452 2932 in
1477 2873 1587 2933 den
1615 2873 1839 2933 andern
1863 2873 2107 2951 gehetzt‚
2136 2874 2231 2934 bis
2261 2893 2324 2934 es
2349 2875 2560 2935 zuletzt

432 2957 530 3019 bei
567 2959 701 3019 dem
743 2957 1111 3018 einfacheren
1150 2957 1267 3016 und
1323 2957 1707 3018 seelenvollen
1751 2958 2191 3018 Christenthum
2244 2977 2350 3019 zur
2389 2957 2558 3020 Ruhe

432 3040 599 3104 kam!
660 3042 739 3103 Zu
784 3042 899 3102 den
938 3041 1236 3100 einzelnen
1276 3040 1380 3100 der
1416 3043 1478 3102 in
1519 3040 1709 3101 dieser
1746 3043 1927 3102 leider
1966 3042 2377 3122 schwfllstigen
2405 3043 2557 3103 Her-

434 3127 914 3206 zensergiel'sung
952 3124 1349 3203 aufgezfihlten
1386 3125 1969 3202 gottesdienstlichen
1997 3127 2257 3188 Formen
2284 3126 2560 3188 hemerke

432 3212 529 3274 ich
560 3213 665 3273 Fol
707 3213 917 3273 endes:

606 3231 748 3382 ³)ng
779 3293 899 3358 τοῦ
930 3289 1288 3376 δράκοντος
1327 3287 1818 3375 δραματουργία
1847 3295 2079 3356 scheint
2107 3297 2211 3356 das
2254 3296 2558 3375 pythische

434 3381 577 3442 Fest
605 3381 709 3442 der
738 3380 1251 3456 Drachentfidtung
1280 3397 1354 3439 zu
1383 3379 1527 3450 sein,
1558 3398 1605 3439 s.
1632 3379 1904 3440 Plutarch
1936 3381 2046 3452 Qu.
2081 3381 2179 3442 Gr.
2210 3380 2307 3452 12,
2339 3381 2554 3456 Stuttg.

434 3464 875 3543 Realencyklop.
917 3465 997 3535 ΙΙ,
1039 3463 1164 3524 912
1205 3464 1263 3523 ff.
1342 3463 1457 3523 Der
1496 3464 1804 3524 Ausdruck
1842 3466 2189 3547 μυηθῆναι
2231 3466 2365 3525 darf
2396 3464 2559 3526 nicht

434 3550 718 3621 auffassen,
748 3549 818 3611 da
848 3550 908 3610 in
939 3550 1130 3609 dieser
1157 3548 1283 3608 Zeit
1311 3547 1578 3609 ziemlich
1609 3548 1712 3609 alle
1741 3548 1913 3608 Feste
1943 3568 2017 3610 zu
2049 3550 2378 3629 Mysterien‚
2410 3551 2465 3609 d.
2497 3548 2555 3608 h.

437 3652 513 3695 zu
535 3634 972 3713 symbolischen
987 3634 1429 3712 Darstellungen
1455 3633 1615 3693 eines
1640 3634 1969 3694 abstracten
1987 3634 2221 3707 SinneS‚
2244 3634 2557 3713 geworden

436 3737 649 3779 waren.
709 3718 795 3779 lm
821 3719 1110 3798 Uebrigen
1134 3719 1214 3779 ist
1234 3718 1325 3778 die
1346 3717 1522 3778 Fabel
1546 3718 1649 3777 des
1672 3719 1781 3778 lon
1806 3737 1877 3778 zu
1904 3719 2284 3796 vergleichen‚
2312 3718 2559 3779 welcher

435 3803 587 3864 auch
615 3797 690 3878 ἐξ
717 3795 992 3865 ἁπάλων
1030 3795 1272 3880 ὀνύχων
1310 3794 1664 3875 ἀνατεθεὶς
1699 3797 1798 3884 τῷ
1837 3793 2214 3864 Ἀπόλλωνι
2242 3820 2389 3875 war,
2431 3802 2559 3863 eine

434 3888 700 3966 religifise
730 3888 1019 3966 Weihung
1050 3887 1153 3948 der
1180 3886 1397 3948 Kinder
1424 3886 1558 3947 bald
1590 3905 1667 3948 an
1695 3887 1894 3947 diesen
1930 3887 2062 3948 bald
2094 3906 2167 3948 an
2190 3889 2365 3968 jenen
2398 3887 2559 3963 Gon,

435 3973 652 4032 welche
679 3972 774 4032 bei
805 3972 918 4032 den
950 3971 1232 4033 Griechen
1262 3973 1455 4032 nichts
1487 3971 1715 4031 Seltnes
1747 3989 1879 4032 war.
1940 3972 2004 4047 b)
2050 3967 2280 4034 λευκὸν
2306 3966 2561 4045 πένθος

432 4054 517 4116 ist
543 4055 637 4117 ein
665 4057 1108 4136 Widerspruch‚
1140 4057 1213 4118 da
1243 4056 1334 4117 die
1366 4057 1590 4117 Trauer
1617 4057 1829 4116 immer
1857 4057 2116 4117 schwarz
2146 4056 2243 4118 ist.
2304 4056 2383 4117 Es
2416 4056 2558 4117 wird
2587 4101 2592 4106 .
