2867 4717
984 426 1067 476 De
1103 426 1417 494 Aeschyli
1451 427 1688 478 Persis.
2326 422 2387 472 15

269 589 554 652 circuitus
582 597 970 671 proponatur,
1004 598 1063 653 et
1090 593 1351 671 singulas
1383 600 1584 672 gentes
1613 592 1674 652 in
1703 610 1775 652 eo
1805 591 2063 652 maximo
2096 608 2229 651 cum
2260 596 2389 651 stu·-

272 676 380 737 dio
421 683 729 756 occupatas
777 677 1005 750 videaS,
1048 685 1115 738 ut
1151 678 1429 756 longaeva
1470 677 1762 756 majorum
1813 675 2100 736 memoria
2150 674 2391 754 repetita

270 760 591 838 inquirant,
624 762 825 840 ecquis
855 762 1080 840 primus
1111 762 1464 841 primitivam
1496 762 1670 834 illam,
1714 779 1825 839 qua
1865 779 2074 821 omnes
2121 760 2389 821 homines

270 852 483 905 natura
512 853 802 920 tenentur,
830 847 1173 908 affinitatem
1202 847 1535 920 turbaverit,
1579 853 1637 906 et
1678 845 1807 924 quis
1834 845 2174 906 terribilium
2192 892 2206 919 ‚
2247 863 2393 924 quae

271 943 441 991 nunc
468 931 744 1010 utrinqne
772 932 1011 1005 instant,
1044 933 1419 994 conflictuum
1451 939 1510 993 et
1546 930 1887 1009 injuriarum
1928 931 2156 1009 primus
2188 936 2394 994 auctor

270 1014 581 1076 exstiterit.
631 1017 765 1088 Qun
795 1017 1040 1078 consilio
1072 1017 1282 1078 ductus
1311 1035 1433 1078 non
1458 1017 1640 1077 modo
1663 1015 1918 1076 nobilem
1950 1015 2104 1078 illam
2124 1015 2392 1080 Achaeo-

272 1118 411 1159 rum
444 1100 722 1180 adversus
754 1101 1043 1182 Trojanos
1074 1103 1504 1181 expeditionem
1524 1100 1645 1174 ⁴⁷),
1677 1100 1779 1161 sed
1810 1102 2171 1179 Argonautas
2202 1099 2393 1173 etiam,

275 1191 339 1245 et
375 1184 571 1263 ipsam
610 1186 823 1246 avitam
865 1187 994 1247 lum
1038 1187 1306 1260 arcessit,
1348 1205 1456 1266 per
1489 1203 1666 1265 quam
1731 1186 1992 1264 primum
2031 1185 2204 1245 simul
2249 1202 2393 1263 pro-

272 1268 666 1415 ffiililqugtatem
696 1278 757 1331 et
781 1270 1141 1333 inimicitiam
1164 1272 1275 1333 sibi
1299 1290 1432 1333 cum
1465 1269 1733 1333 Barbaris
1769 1270 2171 1332 intercessisse
2209 1271 2392 1349 finge-

314 1407 317 1410 ,
391 1361 418 1414 t
497 1355 668 1416 raeci.

1138 1545 1525 1558 ——u-—u--o———o--vq

1224 1761 1360 1826 cip,
1389 1761 1461 1823 ΙΙ.

452 1862 581 1923 Jam
613 1862 731 1924 hoc
754 1863 814 1923 in
843 1864 975 1926 loco
1006 1863 1338 1938 videndum,
1369 1864 1553 1942 qualis
1581 1864 1759 1926 fuerit
1785 1863 2097 1943 Aeschylus
2128 1863 2189 1923 in
2219 1862 2390 1923 certis
2418 1881 2469 1919 31

274 1944 395 2005 illis
426 1944 575 2010 ideis
600 1947 838 2025 tragicis
866 1967 933 2009 ea
963 1967 1051 2019 re,
1081 1967 1229 2027 quae
1251 1949 1563 2010 Persarum
1593 1949 1818 2010 fabulae
1850 1949 2118 2009 materies
2150 1953 2257 2018 est,
2291 1966 2397 2008 ex—

275 2031 627 2108 primendis.
686 2033 815 2105 Qua
845 2032 907 2094 in
934 2051 1000 2096 re
1029 2051 1153 2094 non
1181 2033 1239 2095 id
1271 2033 1415 2094 mihi
1447 2032 1596 2106 vole,
1630 2039 1694 2095 ut
1721 2033 2084 2112 frequentem
2117 2032 2187 2094 ab
2217 2049 2308 2105 ec,
2339 2038 2399 2091 et

273 2134 308 2176 a
335 2116 545 2180 ceteris
566 2117 819 2195 tragicis,
842 2118 1086 2180 deorum
1110 2125 1170 2179 et
1193 2118 1516 2180 divinarum
1539 2137 1737 2182 rerum
1756 2118 2396 2190 commemorationem,

271 2199 365 2260 vel
392 2201 609 2262 multas
640 2202 828 2266 bonas
859 2204 1175 2266 sententias
1199 2203 1513 2277 immixtaS,
1545 2204 1760 2282 quibus
1783 2210 2140 2283 spectatores
2165 2202 2235 2263 ad
2260 2220 2392 2262 om-

273 2302 415 2346 nem
456 2286 731 2348 virtutem
779 2288 1016 2350 excitari
1054 2290 1306 2367 possint,
1338 2322 1424 2334 --
1460 2295 1528 2348 ut
1563 2289 1692 2349 talia
1734 2290 1806 2350 ab
1849 2308 1918 2350 eo
1959 2289 2201 2366 exigam.
2261 2287 2394 2347 Non

275 2369 448 2431 decet
474 2377 679 2449 poetas
710 2372 1026 2451 magistros
1057 2392 1188 2433 esse
1217 2372 1373 2446 velle,
1417 2373 1646 2434 etiamsi
1674 2373 1912 2452 plurimi
1943 2374 2083 2446 sint,
2128 2372 2225 2453 qui
2264 2370 2396 2432 talia

276 2453 353 2516 ab
384 2454 459 2516 iis
490 2455 824 2533 efflagitent.
884 2458 1096 2518 Verum
1137 2457 1262 2518 illas
1296 2457 1677 2535 cogitationes
1710 2459 1859 2532 dico,
1899 2465 2072 2536 atque
2104 2458 2197 2518 illa
2229 2456 2394 2535 prin-

276 2538 460 2617 cipia,
502 2547 568 2600 ut
604 2541 864 2604 scholam
895 2549 1086 2615 tuear,
1133 2549 1394 2614 aeterna,
1437 2562 1688 2621 quorum
1728 2542 2071 2623 primarium
2110 2542 2248 2602 illud
2289 2548 2394 2613 est,

276 2642 399 2701 quo
419 2625 822 2690 necessitatem
848 2628 1139 2705 quandam
1156 2627 1429 2699 divinam,
1452 2628 1630 2707 legem
1657 2628 1908 2690 divinam
1933 2628 1992 2688 in
2008 2628 2186 2689 rebus
2202 2626 2399 2686 inesse

278 2708 632 2783 affirmatum
676 2729 821 2789 quae
852 2712 1021 2772 sicuti
1052 2712 1233 2786 omni,
1266 2731 1379 2790 qua
1410 2710 1613 2774 Graeci
1642 2713 1700 2774 in
1724 2713 1900 2774 rebus
1923 2712 2196 2773 humanis
2220 2717 2392 2788 atque

280 2792 491 2855 divinis
516 2795 863 2875 judicandi5‚
903 2797 963 2858 in
994 2796 1299 2858 sentiendo
1332 2797 1581 2876 denique
1621 2805 1679 2857 et
1713 2799 1774 2858 in
1812 2798 2037 2875 agendo
2069 2796 2396 2869 utebantur,

279 2879 517 2953 rationi,
549 2888 607 2941 et
636 2880 798 2944 omni
830 2898 1033 2944 eorum
1067 2881 1229 2953 vitae,
1259 2881 1336 2942 ita
1368 2881 1422 2942 ei
1445 2884 1617 2944 etiam
1646 2881 1913 2943 instituto
1939 2882 2187 2944 maxime
2219 2879 2395 2942 sube-

278 2972 434 3036 rant,
476 2966 632 3043 quod
678 2965 873 3028 omnis
912 2965 1057 3028 vitae
1099 2963 1347 3030 Graecae
1389 2975 1448 3028 et
1487 2968 1958 3045 splendidissima
2010 2974 2067 3028 et
2116 2981 2395 3046 praesen-

279 3048 512 3111 tissima
540 3051 733 3129 imago
764 3058 899 3123 erat,
925 3051 1276 3128 tragoediae,
1313 3050 1430 3123 tali,
1462 3052 1645 3130 qualis
1685 3052 1938 3130 antiquis
1982 3052 2216 3112 Graecis
2256 3057 2395 3110 erat.

280 3132 465 3210 Igitur
486 3135 714 3214 juvabit
744 3136 816 3195 de
848 3135 958 3195 illis
982 3134 1126 3195 ideis
1157 3134 1349 3214 paullo
1381 3136 1552 3197 altius
1584 3138 1914 3198 orationem.
1939 3143 2219 3215 repetere.

455 3220 628 3292 Quod
657 3226 864 3281 natura
891 3220 972 3293 fit,
1005 3219 1062 3280 id
1092 3220 1180 3282 fas
1211 3227 1299 3284 est
1327 3221 1590 3298 fieri48).
1639 3221 1740 3283 Illa
1770 3220 2047 3283 naturalis
2065 3218 2383 3281 necessitas
2406 3240 2458 3279 32

422 3383 505 3448 47)
533 3382 607 3436 Cf.
625 3401 746 3465 ‚cap
772 3388 819 3437 4.
855 3382 971 3439 ἀπὸ
998 3382 1196 3439 τούτου
1235 3390 1283 3452 (i.
1312 3406 1356 3440 e.
1382 3389 1444 3439 ab
1472 3406 1532 3440 eo
1558 3398 1798 3472 tempore,
1833 3407 1928 3457 quo
1974 3389 2155 3441 Graeci
2190 3388 2397 3476 Troiiam

284 3452 563 3513 diruerant)
609 3456 697 3506 αεὶ
736 3450 1067 3522 ἡγήσασθαι
1110 3453 1257 3519 (τοὺς
1287 3457 1528 3525 Πέρσας)
1563 3453 1626 3509 τὸ
1664 3452 1969 3524 Ελληνικόν
2012 3470 2213 3526 σφισιν
2255 3473 2397 3508 ειναι

284 3519 581 3588 πολέμιον.
610 3550 676 3557 -
702 3522 824 3573 Nam
852 3523 1036 3574 Persae
1070 3540 1271 3575 suorum
1301 3526 1482 3590 Asiam,
1510 3524 1815 3577 Graecorum
1841 3527 2088 3593 Europam
2123 3542 2236 3576 esse
2260 3525 2396 3574 arbi-

281 3588 576 3646 trabantur-3
605 3598 658 3640 et
681 3589 800 3644 item
825 3591 931 3642 siue
953 3592 1098 3641 dnbio
1120 3592 1319 3644 Graeci.
1363 3593 1525 3658 [Diod.
1547 3594 1785 3661 Excerpt.
1809 3595 1971 3646 Vatic.
1992 3594 2163 3660 p.112.
2185 3592 2394 3643 Collect.

286 3654 552 3737 nov.‚v01.
579 3654 639 3707 ΙΙ.
678 3656 776 3710 τὸν
796 3654 903 3728 γὰρ
932 3658 1186 3728 Τρωϊκὸν
1211 3657 1464 3730 πόλεμον
1486 3690 1553 3700 -
1576 3691 1641 3700 -
1668 3659 1727 3715 ἐν
1753 3647 1797 3728 ᾦ
1826 3664 1921 3727 τῆς
1942 3657 2223 3726 Εὐρώπης
2255 3654 2399 3726 πρὸς

286 3721 384 3840 (τῗὴν
406 3726 598 3838 Αῗίαν
630 3723 1101 3844 ὃιαγέολεμοὺσης,
1137 3729 1227 3778 καὶ
1253 3730 1363 3781 τῶν
1385 3731 1669 3797 μεγίστων
1690 3726 1939 3799 ἠπείρων
1964 3726 2104 3799 ὑπὲρ
2130 3730 2223 3791 τῆς
2245 3730 2400 3790 νίκης

327 3809 382 3841 ια
435 3810 451 3840 l
490 3808 576 3841 ort
628 3810 694 3843 Οἱ)
770 3810 880 3846 νων
904 3832 916 3845 ·

385 3809 508 3924 φ48)
536 3810 672 3912 Balce
693 3796 907 3912 ‘gn-mulii
932 3861 1092 3914 fusius
1117 3866 1377 3914 tractanda
1403 3872 1456 3917 et
1477 3861 1821 3933 frequentibus
1847 3867 2145 3932 scriptorum
2167 3863 2397 3926 omnium,

288 3929 552 3993 poetarum
576 3930 790 3984 maxime
825 3937 877 3979 et
901 3931 1319 3997 pbilosophorum,
1361 3933 1662 3984 testimoniis
1698 3935 1935 3984 firmanda
1976 3935 2091 3995 erit,
2135 3934 2179 3981 si
2212 3931 2398 3998 aliquid

287 4012 396 4048 cum
421 4011 483 4046 ea
506 3996 622 4046 mibi
649 3997 817 4047 velim.
855 3997 1158 4066 Quamquam
1178 4014 1238 4049 ea
1261 4000 1327 4061 id,
1354 4002 1484 4066 quod
1507 4000 1778 4053 Veteribus
1802 3999 1957 4053 fatum
1983 4016 2096 4051 esse
2113 3998 2398 4065 putabatur,

285 4065 334 4113 in
358 4065 653 4116 universum
679 4066 854 4115 saltem
880 4073 996 4132 apte
1021 4067 1230 4134 exprimi
1255 4067 1483 4119 dixerIm.
1500 4097 1569 4106 —
1591 4068 1825 4120 Ceterum
1850 4067 2153 4121 cf.1{1ausen
2180 4069 2241 4120 de
2266 4068 2400 4119 The-
