2867 4717
462 413 535 468 56
1282 413 1378 465 De
1412 411 1774 466 Hellanico

463 588 630 642 mus,
672 576 943 648 tempora
978 568 1443 645 fragmentorum
1487 586 1665 647 quam
1710 566 2154 645 diligentissime
2205 568 2588 631 examinanda

464 661 667 726 erunt;
699 654 855 733 quod
889 671 1024 714 cum
1056 653 1606 713 coniunctissimum
1638 652 1716 712 sit
1747 671 1880 712 cum
1910 652 2173 730 ipsarum
2215 655 2588 714 sacerdotum

461 739 707 800 lunonis
748 737 1151 809 successione,
1193 737 1460 798 attinebit
1497 743 1789 816 quotquot
1827 738 2070 797 nomina
2110 756 2178 797 ex
2220 738 2331 798 illis
2361 743 2595 798 exstant

462 832 631 885 antea
662 839 1022 901 componere
1050 829 1223 900 atque
1253 822 1325 882 ad
1356 828 1547 882 certas
1577 829 1917 900 temporum
1959 822 2387 900 descriptiones
2417 841 2588 883 revo-
2624 869 2629 874 .

463 909 739 985 carew).
767 935 771 938 ⁴

632 992 881 1052 Exstant
909 990 1110 1050 decem
1139 990 1409 1060 nomina,
1441 1008 1691 1068 quarum
1713 991 2118 1069 antiquissima
2149 998 2243 1052 est
2269 992 2343 1052 Io
2374 991 2591 1053 Calli-

460 1076 687 1156 thyia,
728 1093 902 1154 quam
934 1074 1187 1153 primam
1225 1074 1471 1135 Iunonis
1505 1075 1871 1136 sacerdotem
1913 1076 2098 1136 fuisse
2138 1076 2593 1136 consentiuntur

464 1178 710 1233 omnes;
747 1177 894 1237 quae
931 1159 995 1218 in
1030 1159 1243 1219 fabulis
1287 1159 1439 1219 solet
1478 1159 1751 1238 appellari
1780 1161 1875 1232 Io,
1915 1160 1974 1220 in
2006 1160 2388 1238 chronologia
2420 1159 2605 1221 Caui-·

460 1245 617 1323 thyia
648 1245 707 1304 h.
740 1263 789 1304 e.
820 1238 985 1326 καλή
1016 1238 1243 1318 omnig,
1274 1244 1520 1322 pulchra
1551 1245 1830 1305 sacerdos
1852 1245 1972 1319 ⁶⁹).
2034 1245 2255 1312 Dicitur
2284 1244 2400 1305 filia
2424 1244 2589 1305 Pire-

462 1329 555 1389 nis
581 1329 666 1388 vel
689 1328 878 1389 Pirasi
906 1328 992 1387 vel
1015 1328 1278 1389 Piranthi
1299 1330 1322 1367 ⁷
1339 1329 1419 1403 ⁰),
1453 1336 1638 1390 mater
1664 1328 1942 1401 Trochili,
1967 1347 2139 1408 quem
2164 1329 2589 1407 Bellerophon-

459 1414 539 1474 tis
589 1411 877 1474 Corintbii
921 1419 981 1473 et
1022 1413 1297 1492 Eumolpi
1341 1412 1624 1474 Eleusinii
1668 1414 1961 1474 aemulum
2008 1413 2593 1475 subministraverant

463 1498 774 1558 inferiores
804 1497 1155 1575 Argivorum
1183 1496 1540 1558 fabulatores
1560 1499 1584 1537 ⁷
1604 1500 1682 1572 1).
1742 1497 2148 1559 Sacerdotium
2181 1499 2327 1569 eiuS,
2376 1497 2429 1557 si
2468 1498 2592 1558 Eu-

382 1603 436 1645 ιι
466 1582 697 1643 sebium
727 1589 787 1642 et
815 1581 1144 1659 Syncellum
1176 1600 1234 1660 p.
1270 1581 1389 1642 149
1419 1582 1466 1642 Β
1509 1601 1783 1660 sequare,
1824 1590 2137 1661 exsuperat
2174 1590 2444 1661 tempora
2478 1580 2591 1642 Ce-

463 1666 680 1744 cropis.
739 1666 985 1726 Ponitur
1015 1665 1087 1726 ab
1118 1666 1228 1726 illis
1258 1666 1533 1726 floruisse
1569 1666 1731 1728 1638
1764 1685 1955 1728 annos
1985 1686 2035 1727 a.
2071 1667 2206 1727 Chr.
2229 1685 2310 1739 n.‚
2334 1666 2459 1728 862
2483 1683 2591 1726 an-

464 1768 579 1811 nos
610 1755 744 1811 ante
773 1747 863 1809 Ol.
893 1748 938 1822 1,
971 1749 1314 1811 458-annos
1345 1757 1479 1810 ante
1509 1769 1704 1811 aeram
1732 1750 2072 1812 Troianam.

633 1835 699 1909 2)
730 1834 1344 1912 Hypermnestra,
1395 1835 1575 1895 Danai
1624 1836 1764 1907 filia,
1812 1836 2021 1915 Lyncei
2067 1834 2377 1907 servatrix,
2416 1853 2591 1914 quam

463 1918 754 1980 Eusebius
783 1919 963 1980 tradit
988 1918 1151 1979 1433
1182 1937 1370 1979 annos
1400 1938 1452 1980 a.
1477 1920 1613 1980 Chr.
1644 1937 1703 1980 n.
1736 1921 1794 1980 h.
1827 1940 1877 1980 e.
1910 1921 2032 1980 205
2064 1937 2255 1981 annos
2286 1928 2427 1997 post
2456 1919 2594 1980 Cal-

464 2001 721 2084 lithyiam
766 2004 1096 2064 sacerdotio
1140 2003 1405 2065 functam
1453 2024 1612 2075 esse,
1660 2012 1727 2065 ut
1769 2005 2027 2083 quinque
2071 2003 2381 2064 minimum
2434 2003 2593 2064 inter

463 2096 777 2166 utramque
820 2087 1147 2149 sacerdotia
1192 2088 1499 2148 statuenda
1531 2089 1667 2149 sint.
1739 2089 1914 2150 Aetas
1960 2089 2457 2168 Hypermnestrae
2496 2106 2584 2149 re-

601 2338 686 2403 68)
709 2336 798 2455 ἑζῖ.
824 2338 1060 2389 Valesius
1083 2338 1148 2387 ad
1170 2338 1409 2403 Excerpt.
1437 2338 1613 2405 Polyb.
1640 2356 1687 2405 p.
1720 2339 1867 2404 1395,
1894 2339 1960 2389 30
1985 2340 2062 2391 ed.
2090 2338 2187 2390 lac.
2216 2339 2441 2392 Gronov.
2472 2341 2592 2391 Am-

465 2407 648 2457 stelod.
677 2408 699 2457 1
744 2407 825 2456 70.

602 2474 687 2537 69)
722 2472 785 2524 V.
810 2473 994 2523 Euseb.
1019 2471 1207 2523 Canon.
1233 2473 1415 2523 Chron.
1452 2489 1532 2538 ap.
1570 2474 1687 2524 Mai.
1724 2474 1910 2540 Script.
1948 2482 2073 2525 vett.
2107 2491 2223 2525 nov.
2258 2476 2493 2526 collectio
2529 2475 2592 2526 Τ.

467 2540 607 2603 VIII,
632 2556 681 2606 p.
706 2541 831 2601 2913
858 2540 1121 2606 [Syncell.,
1151 2541 1244 2590 149
1271 2541 1328 2602 D,
1354 2557 1400 2606 p.
1426 2540 1544 2589 283.
1568 2543 1647 2590 ed.
1674 2541 1826 2592 Bonn.
1858 2543 2174 2593 Καλλίθυια
2198 2546 2509 2608 Πείραντος
2532 2541 2595 2595 ἔν

471 2604 654 2679 Ἄργει
694 2609 924 2673 πρῶτον
965 2601 1247 2674 {eminuas
1280 2606 1374 2672 τῆς
1396 2601 1609 2675 ”Ηρας.]
1650 2609 1870 2658 Eandem
1902 2626 2017 2659 esse
2051 2609 2217 2660 Ionem
2250 2618 2399 2676 atque
2436 2612 2592 2661 Calli·

464 2678 654 2742 thyiam
698 2677 848 2726 docet
880 2675 1109 2738 Scaliger
1133 2674 1287 2729 Thes.
1321 2682 1504 2740 tempp.
1541 2676 1802 2725 Animadv.
1837 2677 1899 2725 ad
1932 2677 2118 2727 Euseb.
2153 2678 2336 2728 Chron.
2370 2696 2418 2745 p.
2447 2679 2514 2728 24
2546 2695 2591 2743 a,

464 2743 642 2810 Heyne
667 2745 729 2793 ad
756 2743 989 2808 Apollod.
1015 2740 1075 2805 11,
1100 2742 1143 2805 1,
1165 2742 1211 2792 3.
1271 2743 1324 2793 In
1345 2743 1645 2803 Phoronide,
1669 2744 1872 2808 antiquo
1898 2746 2117 2794 carmine
2142 2747 2302 2810 epico,
2329 2761 2408 2811 ap.
2435 2746 2590 2796 Clem.

463 2811 698 2861 Stromm.
724 2810 763 2873 1,
789 2827 837 2875 p.
862 2810 963 2860 418
989 2810 1044 2859 Ρ.
1079 2812 1363 2861 nominatur
1395 2806 1719 2874 Καλλιθόη,
1752 2827 1830 2876 ap.
1865 2812 2083 2878 Hesych.
2122 2828 2187 2862 ex
2213 2813 2315 2863 alio
2341 2815 2591 2880 scriptore

464 2873 883 2928 Καλλιθύεσσα.
922 2875 1015 2939 [cf.
1041 2876 1256 2928 Prelleri
1282 2879 1494 2944 Mythol.
1518 2894 1595 2941 gr.
1622 2879 1682 2941 11,
1709 2896 1755 2944 p.
1781 2880 1862 2941 40,
1887 2881 1965 2929 ed.
1992 2881 2080 2930 alt.
2107 2878 2188 2943 K]

602 2945 687 3008 70)
723 2945 918 3008 [Potius
942 2943 1247 3009 Pir-antis,
1290 2944 1353 2994 cf.
1378 2945 1594 2995 Prelleri
1623 2947 1833 3011 Mythol.
1859 2962 1934 3009 gr.
1960 2946 2021 3010 ΙΙ,
2046 2964 2093 3013 p.
2120 2947 2203 2997 39.
2227 2946 2310 3011 lt]

601 3012 685 3073 71)
723 3011 784 3062 V.
819 3011 1072 3060 Plutarch.
1102 3013 1162 3060 de
1188 3013 1423 3062 Daedalis
1448 3028 1527 3076 ap.
1564 3014 1747 3064 Euseb.
1779 3014 1955 3079 Praep.
1994 3016 2089 3065 Ev.
2125 3014 2213 3080 111,
2247 3016 2295 3077 8,
2329 3032 2377 3081 p.
2405 3016 2471 3066 99
2509 3018 2591 3067 ed.

464 3078 672 3139 Colon.;
706 3078 909 3129 Hesiod.
945 3086 998 3128 et
1032 3080 1225 3130 Acusil.
1257 3095 1335 3144 ap.
1369 3080 1602 3144 Apollod.
1629 3080 1695 3143 ll,
1734 3083 1788 3144 1,
1824 3080 1871 3131 3.
1918 3082 2063 3147 Apud
2097 3085 2304 3139 eundem
2341 3084 2525 3134 Castor
2560 3080 2591 3134 ὁ

465 3141 801 3214 συγγράψας
833 3142 898 3196 τὰ
926 3142 1164 3216 χρονικὰ
1200 3143 1531 3214 ἀγνοήματα
1566 3163 1676 3197 cum
1713 3149 1882 3198 multis
1917 3150 2126 3210 tragicis
2149 3150 2316 3199 Ionem
2342 3151 2507 3200 Inachi
2529 3152 2593 3201 fl-

462 3215 579 3264 liam
600 3217 841 3265 statuisse
860 3217 1094 3275 traditur,
1120 3222 1172 3265 ut
1192 3217 1336 3265 aliam
1357 3217 1404 3263 in
1432 3216 1601 3277 regnis
1625 3224 1773 3281 atque
1799 3218 2097 3267 sacerdotiis
2117 3219 2416 3280 Argivorum
2444 3221 2592 3267 chro-

463 3284 710 3346 nologiam
736 3284 996 3332 induxisse
1022 3283 1278 3345 videatur,
1313 3298 1465 3348 quare
1490 3299 1675 3349 anceps
1700 3292 1805 3348 est,
1840 3284 2044 3334 Eusehii
2073 3287 2355 3335 notationes
2379 3287 2440 3335 ad
2470 3287 2590 3335 Hel-

461 3350 679 3400 lanicum
699 3349 996 3400 transferre.
1021 3350 1284 3400 Trochilus
1305 3351 1435 3400 filius
1448 3351 1747 3416 Callithyiae
1767 3354 2044 3402 sacerdotis
2065 3360 2159 3413 est,
2181 3369 2277 3401 non
2299 3353 2394 3416 lus»,
2415 3355 2591 3404 matris

462 3418 677 3483 Epaphi,
702 3434 781 3483 ap.
809 3417 999 3467 Theon.
1025 3418 1086 3467 ad
1114 3418 1257 3467 Arat.
1283 3418 1467 3467 Phaen.
1493 3435 1542 3467 v.
1575 3419 1661 3468 161
1694 3420 1753 3468 οἱ
1776 3418 1837 3470 δὲ
1859 3415 2181 3487 μυθολόγοι
2205 3418 2304 3470 τὸν
2321 3416 2591 3487 “Ηνιόχον

463 3486 725 3551 λέγουσιν
760 3483 902 3536 εἶναι
933 3479 964 3546 ἢ
1000 3482 1462 3553 Βελλεροφόντου
1495 3481 1527 3549 ἢ
1560 3489 1841 3552 Τροχίλου
1871 3488 1966 3551 τῆς
1990 3488 2337 3543 Καλλιθυίας
2363 3484 2589 3550 παιδός,

462 3554 559 3618 τῆς
584 3549 805 3622 πρώτης
828 3551 889 3605 ἐν
916 3546 1097 3620 Ἄργει
1119 3555 1424 3620 γενομένης
1449 3555 1666 3619 ἱερείας,
1693 3548 1847 3622 ἅρμα
1874 3550 2101 3624 πρώτου
2126 3552 2420 3619 ζεύξαντος,
2446 3557 2588 3605 cuius

463 3637 639 3671 nomen
665 3619 848 3671 factum
873 3636 903 3670 a
935 3616 1151 3686 τροχός,
1175 3629 1232 3671 ut
1254 3624 1582 3688 Πλημναῑος
1613 3637 1641 3670 a
1669 3639 1715 3672 v,
1743 3624 2007 3689 πλῆμναι.
2063 3623 2133 3671 De
2159 3622 2398 3672 Trochilo
2424 3626 2590 3672 hiero-

459 3691 668 3755 phanta,
703 3689 999 3753 Triptolemi
1025 3696 1191 3753 patre,
1228 3706 1276 3740 v,
1305 3690 1454 3739 Paus.
1488 3688 1536 3750 1,
1567 3689 1652 3747 14,
1690 3689 1737 3738 2.
1784 3690 2015 3739 Pertinet
2049 3692 2140 3739 boc
2163 3692 2226 3739 ad
2252 3693 2423 3739 miram
2450 3691 2586 3739 illam

463 3758 765 3820 Argivorum
791 3754 1081 3806 inferiorum
1107 3758 1441 3820 ambitionem,
1466 3772 1558 3820 qua
1587 3758 1747 3805 omnia
1773 3772 1915 3806 sarra
1941 3765 1994 3807 et
2018 3756 2212 3807 fabulas
2237 3774 2266 3807 a
2292 3760 2397 3807 suis
2423 3759 2589 3807 beroi-

461 3824 554 3874 bus
580 3826 811 3875 derivare
836 3825 1153 3885 satagebant,
1188 3826 1248 3873 de
1281 3839 1374 3888 qua
1408 3825 1511 3871 dixi
1540 3825 1586 3871 in
1615 3824 1727 3873 Cer.
1756 3832 1808 3873 et
1835 3825 2067 3889 Proserp.
2094 3842 2139 3889 p.
2161 3827 2288 3884 3003
2315 3827 2587 3890 eodemque

460 3889 582 3941 facit
605 3894 731 3957 quod
760 3893 948 3953 legitur
970 3906 1047 3954 ap.
1077 3892 1220 3940 Faus·
1246 3891 1304 3955 ll,
1335 3890 1418 3953 16,
1447 3891 1476 3938 3
1504 3884 1570 3942 ὃν
1595 3889 1657 3941 δὲ
1684 3894 2110 3955 προσποιοῦσιν
2138 3888 2476 3956 Ἀκουσιλάῳ
2494 3888 2586 3941 λό-

499 3975 579 4018 ον,
605 3961 876 4023 Μυκηνέα
903 3957 1026 4008 υἱόν
1050 3955 1191 4008 εἶναι
1216 3954 1579 4022 Σπάρτωνος,
1603 3956 1922 4026 Σπάρτωνα
1947 3959 2009 4010 δὲ
2039 3962 2363 4026 Φορωνέως,
2389 3958 2492 4010 οὐκ
2515 3954 2588 4011 ἂν

459 3975 636 4092 ἔγωγε
663 4023 1069 4093 ἀποδεξαίμην,
1095 4021 1244 4075 διότι
1266 4026 1411 4094 μηδὲ
1437 4022 1597 4076 αὐτοὶ
1620 4025 2091 4096 Λακεδαιμόνιοι.
