<?xml version="1.0" encoding="UTF-8"?>
<!DOCTYPE html PUBLIC "-//W3C//DTD XHTML 1.0 Transitional//EN"
    "http://www.w3.org/TR/xhtml1/DTD/xhtml1-transitional.dtd">
<html xmlns="http://www.w3.org/1999/xhtml" xml:lang="en" lang="en">
 <head>
  <title>
</title>
<meta http-equiv="Content-Type" content="text/html;charset=utf-8" />
  <meta name='ocr-system' content='tesseract 3.04.00' />
  <meta name='ocr-capabilities' content='ocr_page ocr_carea ocr_par ocr_line ocrx_word'/>
</head>
<body>
  <div class='ocr_page' id='page_1' title='image "./ausgewhlteaufst01khgoog_0104.png"; bbox 0 0 2867 4717; ppageno 0'>
   <div class='ocr_carea' id='block_1_1' title="bbox 820 394 2374 465">
    <p class='ocr_par' dir='ltr' id='par_1_1' title="bbox 820 394 2374 465">
     <span class='ocr_line' id='line_1_1' title="bbox 820 394 2374 465; baseline 0.001 -16"><span class='ocrx_word' id='word_1_1' title='bbox 820 395 1298 464; x_wconf 73' lang='lat' dir='ltr'>grammaticae</span> <span class='ocrx_word' id='word_1_2' title='bbox 1347 394 1794 465; x_wconf 57' lang='lat' dir='ltr'><strong>Byzantinae-</strong></span> <span class='ocrx_word' id='word_1_3' title='bbox 2308 399 2374 450; x_wconf 84' lang='grc'><strong>91</strong></span> 
     </span>
    </p>
   </div>
   <div class='ocr_carea' id='block_1_2' title="bbox 242 542 2386 3232">
    <p class='ocr_par' dir='ltr' id='par_1_2' title="bbox 242 542 2386 3232">
     <span class='ocr_line' id='line_1_2' title="bbox 242 542 2378 635; baseline -0.002 -16"><span class='ocrx_word' id='word_1_4' title='bbox 242 558 427 629; x_wconf 88' lang='grc' dir='ltr'><strong><em>θους</em></strong></span> <span class='ocrx_word' id='word_1_5' title='bbox 502 547 521 573; x_wconf 85' lang='lat'><em>‘</em></span> <span class='ocrx_word' id='word_1_6' title='bbox 580 545 769 615; x_wconf 80' lang='grc' dir='ltr'><strong><em>αἰτία</em></strong></span> <span class='ocrx_word' id='word_1_7' title='bbox 819 546 1000 615; x_wconf 73' lang='grc' dir='ltr'><strong><em>ἐστὶν</em></strong></span> <span class='ocrx_word' id='word_1_8' title='bbox 1053 542 1231 634; x_wconf 74' lang='grc' dir='ltr'><strong><em>αὕτη·</em></strong></span> <span class='ocrx_word' id='word_1_9' title='bbox 1287 542 1443 613; x_wconf 79' lang='grc' dir='ltr'><strong><em>ὅταν</em></strong></span> <span class='ocrx_word' id='word_1_10' title='bbox 1493 543 1760 635; x_wconf 78' lang='grc' dir='ltr'><em>ἡρπάγη</em></span> <span class='ocrx_word' id='word_1_11' title='bbox 1808 542 1950 612; x_wconf 78' lang='grc' dir='ltr'><strong>ἀπὸ</strong></span> <span class='ocrx_word' id='word_1_12' title='bbox 1993 553 2113 614; x_wconf 81' lang='grc' dir='ltr'><strong>τοῦ</strong></span> <span class='ocrx_word' id='word_1_13' title='bbox 2157 552 2378 614; x_wconf 82' lang='grc' dir='ltr'><strong><em>Μενε-</em></strong></span> 
     </span>
     <span class='ocr_line' id='line_1_3' title="bbox 244 575 2378 734; baseline -0.002 -31"><span class='ocrx_word' id='word_1_14' title='bbox 244 636 418 703; x_wconf 84' lang='grc' dir='ltr'><strong><em>λάου</em></strong></span> <span class='ocrx_word' id='word_1_15' title='bbox 462 575 520 723; x_wconf 53' lang='grc' dir='ltr'><em>ἒ</em></span> <span class='ocrx_word' id='word_1_16' title='bbox 542 629 796 734; x_wconf 45' lang='grc' dir='ltr'><strong><em>Ἑλένη]</em></strong></span> <span class='ocrx_word' id='word_1_17' title='bbox 842 632 1256 709; x_wconf 74' lang='grc' dir='ltr'><strong><em>πενθοῦντος</em></strong></span> <span class='ocrx_word' id='word_1_18' title='bbox 1299 627 1499 718; x_wconf 70' lang='grc' dir='ltr'><strong><em>αὐτὴν</em></strong></span> <span class='ocrx_word' id='word_1_19' title='bbox 1533 631 1786 710; x_wconf 86' lang='grc' dir='ltr'><strong><em>παντὸς</em></strong></span> <span class='ocrx_word' id='word_1_20' title='bbox 1822 632 1942 698; x_wconf 78' lang='grc' dir='ltr'><strong>τοῦ</strong></span> <span class='ocrx_word' id='word_1_21' title='bbox 1979 628 2195 712; x_wconf 79' lang='grc' dir='ltr'><strong><em>οἴκου,</em></strong></span> <span class='ocrx_word' id='word_1_22' title='bbox 2236 630 2378 699; x_wconf 77' lang='grc' dir='ltr'><strong><em>ἐτέ-</em></strong></span> 
     </span>
     <span class='ocr_line' id='line_1_4' title="bbox 245 713 2376 807; baseline -0.001 -22"><span class='ocrx_word' id='word_1_23' title='bbox 245 728 391 807; x_wconf 81' lang='grc' dir='ltr'><strong>χθη</strong></span> <span class='ocrx_word' id='word_1_24' title='bbox 458 723 625 798; x_wconf 79' lang='grc' dir='ltr'><strong><em>παῖς</em></strong></span> <span class='ocrx_word' id='word_1_25' title='bbox 684 741 780 806; x_wconf 84' lang='grc' dir='ltr'><strong>τῳ</strong></span> <span class='ocrx_word' id='word_1_26' title='bbox 833 714 1159 804; x_wconf 75' lang='grc' dir='ltr'><em>Μενελάῳ</em></span> <span class='ocrx_word' id='word_1_27' title='bbox 1193 713 1311 781; x_wconf 80' lang='grc' dir='ltr'><strong>καὶ</strong></span> <span class='ocrx_word' id='word_1_28' title='bbox 1363 713 1618 803; x_wconf 72' lang='grc' dir='ltr'><strong><em>ἐκλήθη</em></strong></span> <span class='ocrx_word' id='word_1_29' title='bbox 1674 715 2138 804; x_wconf 72' lang='grc' dir='ltr'><strong><em>Μεγαπένθης</em></strong></span> <span class='ocrx_word' id='word_1_30' title='bbox 2189 717 2376 804; x_wconf 80' lang='grc' dir='ltr'><strong><em>παρὰ</em></strong></span> 
     </span>
     <span class='ocr_line' id='line_1_5' title="bbox 246 796 2380 889; baseline -0.002 -17"><span class='ocrx_word' id='word_1_31' title='bbox 246 807 330 872; x_wconf 86' lang='grc' dir='ltr'><strong>τδ</strong></span> <span class='ocrx_word' id='word_1_32' title='bbox 396 803 569 889; x_wconf 82' lang='grc' dir='ltr'><strong><em>μέγα</em></strong></span> <span class='ocrx_word' id='word_1_33' title='bbox 634 799 892 879; x_wconf 80' lang='grc' dir='ltr'><strong><em>πένθος</em></strong></span> <span class='ocrx_word' id='word_1_34' title='bbox 952 801 1071 868; x_wconf 79' lang='grc' dir='ltr'><strong>τοῦ</strong></span> <span class='ocrx_word' id='word_1_35' title='bbox 1137 796 1354 867; x_wconf 81' lang='grc' dir='ltr'><strong><em>οἷ’κου·</em></strong></span> <span class='ocrx_word' id='word_1_36' title='bbox 1432 801 1592 888; x_wconf 79' lang='grc' dir='ltr'><strong><em>περὶ</em></strong></span> <span class='ocrx_word' id='word_1_37' title='bbox 1658 798 1733 866; x_wconf 76' lang='grc' dir='ltr'><strong>δὲ</strong></span> <span class='ocrx_word' id='word_1_38' title='bbox 1789 800 1908 866; x_wconf 79' lang='grc' dir='ltr'><strong>τοῦ</strong></span> <span class='ocrx_word' id='word_1_39' title='bbox 1970 799 2380 885; x_wconf 82' lang='grc' dir='ltr'><strong><em>Τισαμένους</em></strong></span> 
     </span>
     <span class='ocr_line' id='line_1_6' title="bbox 249 881 2379 973; baseline -0.001 -17"><span class='ocrx_word' id='word_1_40' title='bbox 249 888 439 956; x_wconf 76' lang='grc' dir='ltr'><strong><em>ἐστὶν</em></strong></span> <span class='ocrx_word' id='word_1_41' title='bbox 498 886 732 965; x_wconf 69' lang='grc' dir='ltr'><strong><em>οὕτως·</em></strong></span> <span class='ocrx_word' id='word_1_42' title='bbox 801 882 958 953; x_wconf 82' lang='grc' dir='ltr'><strong><em>ὅταν</em></strong></span> <span class='ocrx_word' id='word_1_43' title='bbox 1013 881 1473 972; x_wconf 74' lang='grc' dir='ltr'><strong><em>ἐτιμωρήσατο</em></strong></span> <span class='ocrx_word' id='word_1_44' title='bbox 1528 885 1646 972; x_wconf 79' lang='grc' dir='ltr'><strong>τήν</strong></span> <span class='ocrx_word' id='word_1_45' title='bbox 1702 884 2289 973; x_wconf 73' lang='grc' dir='ltr'><strong><em>Κλυταιμνήστραν</em></strong></span> <span class='ocrx_word' id='word_1_46' title='bbox 2343 881 2379 953; x_wconf 86' lang='grc' dir='ltr'><strong>ὁ</strong></span> 
     </span>
     <span class='ocr_line' id='line_1_7' title="bbox 242 965 2380 1078; baseline -0.002 -38"><span class='ocrx_word' id='word_1_47' title='bbox 242 970 570 1060; x_wconf 83' lang='grc' dir='ltr'><strong><em>Ὀρέστης,</em></strong></span> <span class='ocrx_word' id='word_1_48' title='bbox 615 968 856 1078; x_wconf 57' lang='grc' dir='ltr'><strong><em>ἐτέχθη</em></strong></span> <span class='ocrx_word' id='word_1_49' title='bbox 901 965 1080 1056; x_wconf 76' lang='grc' dir='ltr'><strong><em>αὐτῷ</em></strong></span> <span class='ocrx_word' id='word_1_50' title='bbox 1124 973 1289 1047; x_wconf 79' lang='grc' dir='ltr'><strong><em>παῖς</em></strong></span> <span class='ocrx_word' id='word_1_51' title='bbox 1330 968 1448 1035; x_wconf 83' lang='grc' dir='ltr'><strong>καὶ</strong></span> <span class='ocrx_word' id='word_1_52' title='bbox 1487 967 1639 1057; x_wconf 73' lang='grc' dir='ltr'><strong><em>ἐκλή</em></strong></span> <span class='ocrx_word' id='word_1_53' title='bbox 1778 970 2162 1059; x_wconf 77' lang='grc' dir='ltr'><strong><em>Τισαμένης,</em></strong></span> <span class='ocrx_word' id='word_1_54' title='bbox 2193 970 2380 1058; x_wconf 78' lang='grc' dir='ltr'><strong><em>παρὰ</em></strong></span> 
     </span>
     <span class='ocr_line' id='line_1_8' title="bbox 247 1049 2379 1143; baseline -0.001 -20"><span class='ocrx_word' id='word_1_55' title='bbox 247 1058 330 1123; x_wconf 85' lang='grc' dir='ltr'>τὸ</span> <span class='ocrx_word' id='word_1_56' title='bbox 376 1056 715 1123; x_wconf 84' lang='grc' dir='ltr'><strong><em>τίσασθαι</em></strong></span> <span class='ocrx_word' id='word_1_57' title='bbox 773 1052 1002 1143; x_wconf 86' lang='grc' dir='ltr'><strong><em>αυτήν,</em></strong></span> <span class='ocrx_word' id='word_1_58' title='bbox 1042 1053 1380 1120; x_wconf 80' lang='grc' dir='ltr'><strong><em>τουτέστιν</em></strong></span> <span class='ocrx_word' id='word_1_59' title='bbox 1428 1049 1690 1120; x_wconf 79' lang='grc' dir='ltr'><strong><em>ἆνταπο</em></strong></span> <span class='ocrx_word' id='word_1_60' title='bbox 1738 1054 1946 1121; x_wconf 84' lang='grc' dir='ltr'><strong><em>οὗναι.</em></strong></span> <span class='ocrx_word' id='word_1_61' title='bbox 2019 1059 2186 1122; x_wconf 79' lang='lat' dir='ltr'><strong>Adde</strong></span> <span class='ocrx_word' id='word_1_62' title='bbox 2231 1077 2379 1139; x_wconf 90' lang='lat' dir='ltr'><strong>quae</strong></span> 
     </span>
     <span class='ocr_line' id='line_1_9' title="bbox 250 1137 2379 1225; baseline -0.001 -17"><span class='ocrx_word' id='word_1_63' title='bbox 250 1153 587 1225; x_wconf 86' lang='lat' dir='ltr'><strong>sequuntur</strong></span> <span class='ocrx_word' id='word_1_64' title='bbox 639 1144 713 1207; x_wconf 89' lang='lat' dir='ltr'><strong>ad</strong></span> <span class='ocrx_word' id='word_1_65' title='bbox 762 1143 936 1205; x_wconf 84' lang='lat' dir='ltr'><strong>verba</strong></span> <span class='ocrx_word' id='word_1_66' title='bbox 984 1143 1392 1221; x_wconf 76' lang='lat' dir='ltr'><strong>grammaticae</strong></span> <span class='ocrx_word' id='word_1_67' title='bbox 1431 1187 1472 1219; x_wconf 91' lang='lat'><strong>„</strong></span> <span class='ocrx_word' id='word_1_68' title='bbox 1487 1137 1814 1222; x_wconf 82' lang='grc' dir='ltr'><strong><em>διωνυμον</em></strong></span> <span class='ocrx_word' id='word_1_69' title='bbox 1859 1137 1935 1204; x_wconf 77' lang='grc' dir='ltr'><strong>δὲ</strong></span> <span class='ocrx_word' id='word_1_70' title='bbox 1977 1179 2061 1189; x_wconf 90' lang='grc'>-</span> <span class='ocrx_word' id='word_1_71' title='bbox 2104 1138 2220 1205; x_wconf 66' lang='lat' dir='ltr'><strong>Hc}</strong></span> <span class='ocrx_word' id='word_1_72' title='bbox 2263 1147 2379 1218; x_wconf 89' lang='grc' dir='ltr'><strong><em>ις“</em></strong></span> 
     </span>
     <span class='ocr_line' id='line_1_10' title="bbox 252 1218 2384 1373; baseline 0 -84"><span class='ocrx_word' id='word_1_73' title='bbox 252 1236 291 1306; x_wconf 64' lang='grc' dir='ltr'><strong>ξ</strong></span> <span class='ocrx_word' id='word_1_74' title='bbox 352 1232 430 1290; x_wconf 92' lang='grc'><strong>14</strong></span> <span class='ocrx_word' id='word_1_75' title='bbox 495 1229 813 1308; x_wconf 86' lang='lat' dir='ltr'><strong>disputata:</strong></span> <span class='ocrx_word' id='word_1_76' title='bbox 876 1219 1254 1373; x_wconf 59' lang='grc' dir='ltr'><strong><em>ἅναστῗοφῆ</em></strong></span> <span class='ocrx_word' id='word_1_77' title='bbox 1337 1220 1414 1289; x_wconf 80' lang='grc' dir='ltr'><strong>δέ</strong></span> <span class='ocrx_word' id='word_1_78' title='bbox 1475 1222 1657 1289; x_wconf 77' lang='grc' dir='ltr'><strong><em>ἐστιν</em></strong></span> <span class='ocrx_word' id='word_1_79' title='bbox 1713 1218 1904 1309; x_wconf 74' lang='grc' dir='ltr'><strong><em>ὑγεία</em></strong></span> <span class='ocrx_word' id='word_1_80' title='bbox 1974 1220 2154 1309; x_wconf 83' lang='grc' dir='ltr'><strong><em>ὅρου·</em></strong></span> <span class='ocrx_word' id='word_1_81' title='bbox 2261 1222 2384 1312; x_wconf 89' lang='grc' dir='ltr'><strong><em>’ρος</em></strong></span> 
     </span>
     <span class='ocr_line' id='line_1_11' title="bbox 251 1303 2384 1392; baseline 0 -16"><span class='ocrx_word' id='word_1_82' title='bbox 251 1307 335 1376; x_wconf 80' lang='grc' dir='ltr'><strong>δέ</strong></span> <span class='ocrx_word' id='word_1_83' title='bbox 405 1308 587 1376; x_wconf 71' lang='grc' dir='ltr'><strong><em>ἐστιν</em></strong></span> <span class='ocrx_word' id='word_1_84' title='bbox 652 1304 689 1376; x_wconf 84' lang='grc' dir='ltr'><em>ὃ</em></span> <span class='ocrx_word' id='word_1_85' title='bbox 752 1309 831 1375; x_wconf 84' lang='grc' dir='ltr'><strong>τὸ</strong></span> <span class='ocrx_word' id='word_1_86' title='bbox 893 1303 966 1374; x_wconf 68' lang='grc' dir='ltr'><strong>ὃν</strong></span> <span class='ocrx_word' id='word_1_87' title='bbox 1029 1331 1069 1372; x_wconf 90' lang='grc' dir='ltr'><strong><em>τ</em></strong></span> <span class='ocrx_word' id='word_1_88' title='bbox 1168 1328 1312 1375; x_wconf 87' lang='grc' dir='ltr'><strong><em>εστι</em></strong></span> <span class='ocrx_word' id='word_1_89' title='bbox 1382 1304 1744 1392; x_wconf 84' lang='grc' dir='ltr'><strong><em>σημαίνων·</em></strong></span> <span class='ocrx_word' id='word_1_90' title='bbox 1828 1305 2112 1392; x_wconf 79' lang='grc' dir='ltr'><strong><em>ὑγιαίνει</em></strong></span> <span class='ocrx_word' id='word_1_91' title='bbox 2196 1306 2273 1375; x_wconf 75' lang='grc' dir='ltr'><strong>δὲ</strong></span> <span class='ocrx_word' id='word_1_92' title='bbox 2347 1305 2384 1376; x_wconf 84' lang='grc' dir='ltr'><em>ὃ</em></span> 
     </span>
     <span class='ocr_line' id='line_1_12' title="bbox 255 1382 2384 1483; baseline -0.001 -24"><span class='ocrx_word' id='word_1_93' title='bbox 255 1391 413 1482; x_wconf 76' lang='grc' dir='ltr'><strong><em>ὅρος</em></strong></span> <span class='ocrx_word' id='word_1_94' title='bbox 457 1392 523 1459; x_wconf 74' lang='grc' dir='ltr'><strong>ἐν</strong></span> <span class='ocrx_word' id='word_1_95' title='bbox 564 1400 645 1483; x_wconf 82' lang='grc' dir='ltr'><strong>τῇ</strong></span> <span class='ocrx_word' id='word_1_96' title='bbox 704 1388 949 1478; x_wconf 77' lang='grc' dir='ltr'><strong><em>α’ναστρ</em></strong></span> <span class='ocrx_word' id='word_1_97' title='bbox 1046 1392 1090 1479; x_wconf 55' lang='lat'><strong>‚⁹</strong></span> <span class='ocrx_word' id='word_1_98' title='bbox 1146 1390 1381 1471; x_wconf 71' lang='grc' dir='ltr'><strong><em>οὕτως,</em></strong></span> <span class='ocrx_word' id='word_1_99' title='bbox 1440 1382 1583 1458; x_wconf 86' lang='grc' dir='ltr'><strong><em>οἷον</em></strong></span> <span class='ocrx_word' id='word_1_100' title='bbox 1625 1392 1762 1470; x_wconf 81' lang='grc' dir='ltr'><strong>πᾶς</strong></span> <span class='ocrx_word' id='word_1_101' title='bbox 1805 1387 2166 1478; x_wconf 63' lang='grc' dir='ltr'><strong><em>ἅνθρωπος</em></strong></span> <span class='ocrx_word' id='word_1_102' title='bbox 2195 1393 2384 1477; x_wconf 81' lang='grc' dir='ltr'><strong><em>γελα-</em></strong></span> 
     </span>
     <span class='ocr_line' id='line_1_13' title="bbox 251 1472 2385 1584; baseline -0.001 -39"><span class='ocrx_word' id='word_1_103' title='bbox 251 1477 516 1556; x_wconf 84' lang='grc' dir='ltr'><strong><em>στικόν,</em></strong></span> <span class='ocrx_word' id='word_1_104' title='bbox 571 1477 690 1543; x_wconf 81' lang='grc' dir='ltr'><strong>καὶ</strong></span> <span class='ocrx_word' id='word_1_105' title='bbox 735 1484 875 1544; x_wconf 85' lang='grc' dir='ltr'><strong>πᾶν</strong></span> <span class='ocrx_word' id='word_1_106' title='bbox 916 1498 989 1584; x_wconf 73' lang='grc' dir='ltr'><strong>γε</strong></span> <span class='ocrx_word' id='word_1_107' title='bbox 1031 1475 1305 1543; x_wconf 84' lang='grc' dir='ltr'><strong><em>αστικδν</em></strong></span> <span class='ocrx_word' id='word_1_108' title='bbox 1347 1472 1731 1562; x_wconf 68' lang='grc' dir='ltr'><strong><em>ἅνθρωπος.</em></strong></span> <span class='ocrx_word' id='word_1_109' title='bbox 1806 1481 1989 1543; x_wconf 86' lang='grc' dir='ltr'><strong><em>νοσεῖ</em></strong></span> <span class='ocrx_word' id='word_1_110' title='bbox 2031 1477 2106 1543; x_wconf 77' lang='grc' dir='ltr'><em>δέ</em></span> <span class='ocrx_word' id='word_1_111' title='bbox 2148 1473 2185 1543; x_wconf 82' lang='grc' dir='ltr'>ὁ</span> <span class='ocrx_word' id='word_1_112' title='bbox 2230 1474 2385 1564; x_wconf 78' lang='grc' dir='ltr'><strong><em>ὅρος</em></strong></span> 
     </span>
     <span class='ocr_line' id='line_1_14' title="bbox 254 1553 2386 1650; baseline -0.001 -21"><span class='ocrx_word' id='word_1_113' title='bbox 254 1560 501 1643; x_wconf 73' lang='grc' dir='ltr'><strong><em>οὕτως,</em></strong></span> <span class='ocrx_word' id='word_1_114' title='bbox 545 1553 685 1629; x_wconf 85' lang='grc' dir='ltr'><strong><em>οἷον</em></strong></span> <span class='ocrx_word' id='word_1_115' title='bbox 729 1563 866 1639; x_wconf 80' lang='grc' dir='ltr'><strong>πᾶς</strong></span> <span class='ocrx_word' id='word_1_116' title='bbox 908 1558 1275 1645; x_wconf 86' lang='grc' dir='ltr'><strong><em>α’νθρωπος</em></strong></span> <span class='ocrx_word' id='word_1_117' title='bbox 1318 1558 1587 1639; x_wconf 85' lang='grc' dir='ltr'><strong><em>δίπους·</em></strong></span> <span class='ocrx_word' id='word_1_118' title='bbox 1648 1559 1762 1627; x_wconf 74' lang='grc' dir='ltr'><strong>ἐὰν</strong></span> <span class='ocrx_word' id='word_1_119' title='bbox 1814 1557 2235 1650; x_wconf 77' lang='grc' dir='ltr'><strong><em>ἀναστρέψας</em></strong></span> <span class='ocrx_word' id='word_1_120' title='bbox 2286 1556 2386 1627; x_wconf 79' lang='grc' dir='ltr'><strong>εἴ·</strong></span> 
     </span>
     <span class='ocr_line' id='line_1_15' title="bbox 252 1641 2384 1735; baseline -0 -23"><span class='ocrx_word' id='word_1_121' title='bbox 252 1671 428 1735; x_wconf 78' lang='grc' dir='ltr'><strong><em>πῃς,</em></strong></span> <span class='ocrx_word' id='word_1_122' title='bbox 485 1653 621 1712; x_wconf 79' lang='grc' dir='ltr'><strong>πᾶν</strong></span> <span class='ocrx_word' id='word_1_123' title='bbox 676 1644 920 1725; x_wconf 78' lang='grc' dir='ltr'><strong><em>δίπους</em></strong></span> <span class='ocrx_word' id='word_1_124' title='bbox 972 1641 1362 1734; x_wconf 69' lang='grc' dir='ltr'><strong><em>ἄνθρωπος,</em></strong></span> <span class='ocrx_word' id='word_1_125' title='bbox 1419 1642 1538 1712; x_wconf 83' lang='grc' dir='ltr'><strong>οὐκ</strong></span> <span class='ocrx_word' id='word_1_126' title='bbox 1592 1641 1914 1734; x_wconf 72' lang='grc' dir='ltr'><strong><em>ἀληθεύει</em></strong></span> <span class='ocrx_word' id='word_1_127' title='bbox 1968 1643 2005 1712; x_wconf 82' lang='grc' dir='ltr'><em>ὃ</em></span> <span class='ocrx_word' id='word_1_128' title='bbox 2061 1643 2230 1731; x_wconf 79' lang='grc' dir='ltr'><strong><em>ὅρος.</em></strong></span> <span class='ocrx_word' id='word_1_129' title='bbox 2305 1641 2384 1712; x_wconf 79' lang='grc' dir='ltr'><strong>οὖ</strong></span> 
     </span>
     <span class='ocr_line' id='line_1_16' title="bbox 254 1726 2385 1837; baseline -0 -40"><span class='ocrx_word' id='word_1_130' title='bbox 254 1736 383 1837; x_wconf 77' lang='grc' dir='ltr'><strong>γὰρ</strong></span> <span class='ocrx_word' id='word_1_131' title='bbox 427 1731 629 1814; x_wconf 89' lang='grc' dir='ltr'><strong><em>μόνος</em></strong></span> <span class='ocrx_word' id='word_1_132' title='bbox 672 1726 710 1796; x_wconf 81' lang='grc' dir='ltr'>ὁ</span> <span class='ocrx_word' id='word_1_133' title='bbox 758 1726 1124 1819; x_wconf 66' lang='grc' dir='ltr'><strong><em>ἄνθρωπός</em></strong></span> <span class='ocrx_word' id='word_1_134' title='bbox 1166 1728 1347 1797; x_wconf 74' lang='grc' dir='ltr'><strong><em>ἐστιν</em></strong></span> <span class='ocrx_word' id='word_1_135' title='bbox 1390 1726 1660 1809; x_wconf 92' lang='grc' dir='ltr'><strong><em>δίπους,</em></strong></span> <span class='ocrx_word' id='word_1_136' title='bbox 1718 1726 1886 1797; x_wconf 73' lang='grc' dir='ltr'><strong><em>ἀλλὰ</em></strong></span> <span class='ocrx_word' id='word_1_137' title='bbox 1937 1728 2055 1796; x_wconf 85' lang='grc' dir='ltr'><strong>καί</strong></span> <span class='ocrx_word' id='word_1_138' title='bbox 2110 1726 2146 1797; x_wconf 82' lang='grc' dir='ltr'><em>ὅ</em></span> <span class='ocrx_word' id='word_1_139' title='bbox 2192 1726 2385 1808; x_wconf 79' lang='grc' dir='ltr'><strong><em>αἐτδς</em></strong></span> 
     </span>
     <span class='ocr_line' id='line_1_17' title="bbox 252 1810 2382 1902; baseline -0 -22"><span class='ocrx_word' id='word_1_140' title='bbox 252 1841 376 1883; x_wconf 85' lang='grc' dir='ltr'><strong><em>και</em></strong></span> <span class='ocrx_word' id='word_1_141' title='bbox 421 1815 507 1880; x_wconf 79' lang='grc' dir='ltr'><strong>τὰ</strong></span> <span class='ocrx_word' id='word_1_142' title='bbox 548 1816 857 1881; x_wconf 78' lang='grc' dir='ltr'><strong><em>τοιαῦτα.</em></strong></span> <span class='ocrx_word' id='word_1_143' title='bbox 911 1811 951 1902; x_wconf 77' lang='grc' dir='ltr'><strong><em>ἡ</em></strong></span> <span class='ocrx_word' id='word_1_144' title='bbox 1002 1815 1075 1881; x_wconf 72' lang='grc' dir='ltr'><strong>δὲ</strong></span> <span class='ocrx_word' id='word_1_145' title='bbox 1120 1810 1306 1881; x_wconf 77' lang='grc' dir='ltr'><strong><em>αἰτία</em></strong></span> <span class='ocrx_word' id='word_1_146' title='bbox 1348 1816 1468 1880; x_wconf 83' lang='grc' dir='ltr'><strong>τοῦ</strong></span> <span class='ocrx_word' id='word_1_147' title='bbox 1511 1815 1875 1881; x_wconf 82' lang='grc' dir='ltr'><strong><em>καλεῖσθαι</em></strong></span> <span class='ocrx_word' id='word_1_148' title='bbox 1919 1810 2116 1880; x_wconf 79' lang='grc' dir='ltr'><strong><em>αὐτόν</em></strong></span> <span class='ocrx_word' id='word_1_149' title='bbox 2159 1812 2382 1895; x_wconf 82' lang='grc' dir='ltr'><strong><em>Πάριν</em></strong></span> 
     </span>
     <span class='ocr_line' id='line_1_18' title="bbox 255 1896 2379 1988; baseline -0.002 -21"><span class='ocrx_word' id='word_1_150' title='bbox 255 1899 445 1967; x_wconf 78' lang='grc' dir='ltr'><strong><em>ἐστὶν</em></strong></span> <span class='ocrx_word' id='word_1_151' title='bbox 489 1897 681 1987; x_wconf 73' lang='grc' dir='ltr'><strong><em>αὕτη,</em></strong></span> <span class='ocrx_word' id='word_1_152' title='bbox 734 1897 824 1977; x_wconf 80' lang='grc' dir='ltr'><strong>ὥς</strong></span> <span class='ocrx_word' id='word_1_153' title='bbox 866 1898 934 1965; x_wconf 75' lang='grc' dir='ltr'><strong>ἐν</strong></span> <span class='ocrx_word' id='word_1_154' title='bbox 974 1903 1119 1977; x_wconf 84' lang='grc' dir='ltr'><strong><em>τοῖς</em></strong></span> <span class='ocrx_word' id='word_1_155' title='bbox 1159 1897 1409 1981; x_wconf 85' lang='grc' dir='ltr'><strong><em>μύθοις</em></strong></span> <span class='ocrx_word' id='word_1_156' title='bbox 1454 1897 1826 1988; x_wconf 84' lang='grc' dir='ltr'><strong><em>γέγραπται</em></strong></span> <span class='ocrx_word' id='word_1_157' title='bbox 1867 1905 1998 1963; x_wconf 76' lang='grc' dir='ltr'><strong>τῶν</strong></span> <span class='ocrx_word' id='word_1_158' title='bbox 2032 1896 2379 1985; x_wconf 85' lang='grc' dir='ltr'><strong><em>Ἑλλήνων·</em></strong></span> 
     </span>
     <span class='ocr_line' id='line_1_19' title="bbox 257 1979 2385 2072; baseline -0 -22"><span class='ocrx_word' id='word_1_159' title='bbox 257 1982 732 2068; x_wconf 79' lang='grc' dir='ltr'><strong><em>μαχεσαμένων</em></strong></span> <span class='ocrx_word' id='word_1_160' title='bbox 773 1990 904 2049; x_wconf 80' lang='grc' dir='ltr'><strong>τῶν</strong></span> <span class='ocrx_word' id='word_1_161' title='bbox 931 1990 1130 2072; x_wconf 81' lang='grc' dir='ltr'><strong><em>τριῶν</em></strong></span> <span class='ocrx_word' id='word_1_162' title='bbox 1158 1982 1341 2049; x_wconf 80' lang='grc' dir='ltr'><strong><em>θεῶν</em></strong></span> <span class='ocrx_word' id='word_1_163' title='bbox 1369 1982 1681 2071; x_wconf 78' lang='grc' dir='ltr'><strong><em>Ἀθηνᾶς,</em></strong></span> <span class='ocrx_word' id='word_1_164' title='bbox 1713 1980 1930 2067; x_wconf 67' lang='grc' dir='ltr'><strong><em>’Ἡρας</em></strong></span> <span class='ocrx_word' id='word_1_165' title='bbox 1956 1983 2073 2048; x_wconf 82' lang='grc' dir='ltr'><strong>καὶ</strong></span> <span class='ocrx_word' id='word_1_166' title='bbox 2114 1979 2215 2048; x_wconf 86' lang='lat' dir='ltr'><strong>&#39;A</strong></span> <span class='ocrx_word' id='word_1_167' title='bbox 2313 2006 2385 2049; x_wconf 91' lang='grc' dir='ltr'><strong>ο-</strong></span> 
     </span>
     <span class='ocr_line' id='line_1_20' title="bbox 258 2065 2384 2175; baseline 0 -41"><span class='ocrx_word' id='word_1_168' title='bbox 258 2065 452 2157; x_wconf 87' lang='grc' dir='ltr'><strong><em>δίτης</em></strong></span> <span class='ocrx_word' id='word_1_169' title='bbox 491 2069 651 2154; x_wconf 81' lang='grc' dir='ltr'><strong><em>περὶ</em></strong></span> <span class='ocrx_word' id='word_1_170' title='bbox 691 2069 814 2135; x_wconf 81' lang='grc' dir='ltr'><strong>τοῦ</strong></span> <span class='ocrx_word' id='word_1_171' title='bbox 855 2069 1093 2175; x_wconf 58' lang='grc' dir='ltr'><strong><em>χρυσοῦ</em></strong></span> <span class='ocrx_word' id='word_1_172' title='bbox 1134 2065 1347 2174; x_wconf 71' lang='grc' dir='ltr'><strong><em>μήλου</em></strong></span> <span class='ocrx_word' id='word_1_173' title='bbox 1390 2067 1509 2134; x_wconf 83' lang='grc' dir='ltr'><strong>καὶ</strong></span> <span class='ocrx_word' id='word_1_174' title='bbox 1541 2068 1871 2134; x_wconf 78' lang='grc' dir='ltr'><strong><em>δικαστῶν</em></strong></span> <span class='ocrx_word' id='word_1_175' title='bbox 1899 2066 2234 2135; x_wconf 75' lang='grc' dir='ltr'><strong><em>ἐλθόντων</em></strong></span> <span class='ocrx_word' id='word_1_176' title='bbox 2356 2066 2384 2134; x_wconf 85' lang='grc' dir='ltr'><strong><em>ὶ</em></strong></span> 
     </span>
     <span class='ocr_line' id='line_1_21' title="bbox 254 2148 2384 2241; baseline -0.001 -22"><span class='ocrx_word' id='word_1_177' title='bbox 254 2154 344 2240; x_wconf 81' lang='grc' dir='ltr'><strong>τῇ</strong></span> <span class='ocrx_word' id='word_1_178' title='bbox 371 2150 550 2241; x_wconf 79' lang='grc' dir='ltr'><strong><em>μάχῃ</em></strong></span> <span class='ocrx_word' id='word_1_179' title='bbox 595 2148 823 2234; x_wconf 76' lang='grc' dir='ltr'><strong><em>αὐτῶν,</em></strong></span> <span class='ocrx_word' id='word_1_180' title='bbox 868 2154 1042 2239; x_wconf 83' lang='grc' dir='ltr'><strong><em>ηλθε</em></strong></span> <span class='ocrx_word' id='word_1_181' title='bbox 1086 2174 1220 2237; x_wconf 91' lang='grc' dir='ltr'><strong>προ</strong></span> <span class='ocrx_word' id='word_1_182' title='bbox 1263 2152 1531 2218; x_wconf 84' lang='grc' dir='ltr'><strong><em>πάντων</em></strong></span> <span class='ocrx_word' id='word_1_183' title='bbox 1577 2148 1612 2218; x_wconf 84' lang='grc' dir='ltr'>ὁ</span> <span class='ocrx_word' id='word_1_184' title='bbox 1642 2148 2088 2238; x_wconf 80' lang='grc' dir='ltr'><strong><em>Ἀλέξανδρος,</em></strong></span> <span class='ocrx_word' id='word_1_185' title='bbox 2118 2153 2234 2218; x_wconf 80' lang='grc' dir='ltr'><strong>καὶ</strong></span> <span class='ocrx_word' id='word_1_186' title='bbox 2266 2151 2384 2218; x_wconf 81' lang='grc' dir='ltr'><strong><em>διὰ</em></strong></span> 
     </span>
     <span class='ocr_line' id='line_1_22' title="bbox 254 2235 2379 2325; baseline -0.001 -22"><span class='ocrx_word' id='word_1_187' title='bbox 254 2239 455 2303; x_wconf 81' lang='grc' dir='ltr'><strong><em>τοῦτο</em></strong></span> <span class='ocrx_word' id='word_1_188' title='bbox 494 2237 810 2325; x_wconf 67' lang='grc' dir='ltr'><strong><em>κέκληται</em></strong></span> <span class='ocrx_word' id='word_1_189' title='bbox 838 2235 1078 2322; x_wconf 84' lang='grc' dir='ltr'><strong><em>Πάρις,</em></strong></span> <span class='ocrx_word' id='word_1_190' title='bbox 1116 2235 1233 2302; x_wconf 76' lang='grc' dir='ltr'><strong><em>διὰ</em></strong></span> <span class='ocrx_word' id='word_1_191' title='bbox 1275 2238 1353 2303; x_wconf 82' lang='grc' dir='ltr'><strong>τὸ</strong></span> <span class='ocrx_word' id='word_1_192' title='bbox 1399 2235 1716 2323; x_wconf 82' lang='grc' dir='ltr'><strong><em>παριέναι</em></strong></span> <span class='ocrx_word' id='word_1_193' title='bbox 1757 2237 1893 2322; x_wconf 79' lang='grc' dir='ltr'><strong>πρὸ</strong></span> <span class='ocrx_word' id='word_1_194' title='bbox 1927 2235 2210 2303; x_wconf 80' lang='grc' dir='ltr'><strong><em>πάντων.</em></strong></span> <span class='ocrx_word' id='word_1_195' title='bbox 2271 2241 2379 2302; x_wconf 81' lang='lat' dir='ltr'><strong>Ms.</strong></span> 
     </span>
     <span class='ocr_line' id='line_1_23' title="bbox 255 2325 2385 2406; baseline -0 -20"><span class='ocrx_word' id='word_1_196' title='bbox 255 2346 322 2406; x_wconf 90' lang='lat' dir='ltr'><strong>p.</strong></span> <span class='ocrx_word' id='word_1_197' title='bbox 348 2326 472 2387; x_wconf 85' lang='lat'><strong>312</strong></span> <span class='ocrx_word' id='word_1_198' title='bbox 494 2327 758 2405; x_wconf 89' lang='lat' dir='ltr'><strong>sequitur</strong></span> <span class='ocrx_word' id='word_1_199' title='bbox 777 2335 1131 2405; x_wconf 85' lang='lat' dir='ltr'><strong>conspectus</strong></span> <span class='ocrx_word' id='word_1_200' title='bbox 1151 2326 1478 2387; x_wconf 86' lang='lat' dir='ltr'><strong>formarum</strong></span> <span class='ocrx_word' id='word_1_201' title='bbox 1511 2325 1685 2398; x_wconf 88' lang='lat' dir='ltr'><strong>verbi,</strong></span> <span class='ocrx_word' id='word_1_202' title='bbox 1717 2326 1926 2404; x_wconf 90' lang='lat' dir='ltr'><strong>quibus</strong></span> <span class='ocrx_word' id='word_1_203' title='bbox 1951 2326 2385 2403; x_wconf 81' lang='lat' dir='ltr'><strong>subiunguntur</strong></span> 
     </span>
     <span class='ocr_line' id='line_1_24' title="bbox 253 2403 2384 2513; baseline -0 -41"><span class='ocrx_word' id='word_1_204' title='bbox 253 2413 435 2472; x_wconf 87' lang='lat' dir='ltr'><strong>haec:</strong></span> <span class='ocrx_word' id='word_1_205' title='bbox 463 2404 579 2472; x_wconf 81' lang='grc' dir='ltr'><strong>καὶ</strong></span> <span class='ocrx_word' id='word_1_206' title='bbox 608 2408 815 2472; x_wconf 83' lang='grc' dir='ltr'><strong><em>ταῦτα</em></strong></span> <span class='ocrx_word' id='word_1_207' title='bbox 842 2404 964 2490; x_wconf 76' lang='grc' dir='ltr'><strong>μὲν</strong></span> <span class='ocrx_word' id='word_1_208' title='bbox 991 2405 1060 2472; x_wconf 74' lang='grc' dir='ltr'><strong>ἐν</strong></span> <span class='ocrx_word' id='word_1_209' title='bbox 1088 2403 1388 2513; x_wconf 77' lang='grc' dir='ltr'><strong><em>συντόμῳ</em></strong></span> <span class='ocrx_word' id='word_1_210' title='bbox 1424 2403 1812 2493; x_wconf 78' lang='grc' dir='ltr'><strong><em>διεξῄειμεν.</em></strong></span> <span class='ocrx_word' id='word_1_211' title='bbox 1877 2404 2175 2472; x_wconf 76' lang='grc' dir='ltr'><strong><em>καθόλου</em></strong></span> <span class='ocrx_word' id='word_1_212' title='bbox 2211 2403 2286 2471; x_wconf 77' lang='grc' dir='ltr'><strong>δὲ</strong></span> <span class='ocrx_word' id='word_1_213' title='bbox 2316 2403 2384 2471; x_wconf 76' lang='grc' dir='ltr'><strong>ἐν</strong></span> 
     </span>
     <span class='ocr_line' id='line_1_25' title="bbox 254 2485 2383 2580; baseline 0 -25"><span class='ocrx_word' id='word_1_214' title='bbox 254 2492 360 2576; x_wconf 77' lang='grc' dir='ltr'><strong>τῷ</strong></span> <span class='ocrx_word' id='word_1_215' title='bbox 392 2492 734 2579; x_wconf 77' lang='grc' dir='ltr'><strong><em>ῥηματικῷ</em></strong></span> <span class='ocrx_word' id='word_1_216' title='bbox 767 2488 1097 2580; x_wconf 88' lang='grc' dir='ltr'><strong><em>Γεωργίου</em></strong></span> <span class='ocrx_word' id='word_1_217' title='bbox 1130 2489 1245 2555; x_wconf 81' lang='grc' dir='ltr'><strong>καὶ</strong></span> <span class='ocrx_word' id='word_1_218' title='bbox 1266 2486 1736 2571; x_wconf 87' lang='grc' dir='ltr'><strong><em>Λπολλωνίου,</em></strong></span> <span class='ocrx_word' id='word_1_219' title='bbox 1778 2486 1837 2555; x_wconf 78' lang='grc' dir='ltr'><strong>εἰ</strong></span> <span class='ocrx_word' id='word_1_220' title='bbox 1870 2492 2018 2577; x_wconf 79' lang='grc' dir='ltr'><strong>θεῷ</strong></span> <span class='ocrx_word' id='word_1_221' title='bbox 2049 2486 2260 2578; x_wconf 85' lang='grc' dir='ltr'><strong><em>φίλον,</em></strong></span> <span class='ocrx_word' id='word_1_222' title='bbox 2287 2485 2383 2556; x_wconf 81' lang='grc' dir='ltr'><strong>εἰ-</strong></span> 
     </span>
     <span class='ocr_line' id='line_1_26' title="bbox 258 2575 2379 2658; baseline -0.001 -17"><span class='ocrx_word' id='word_1_223' title='bbox 258 2575 551 2658; x_wconf 84' lang='grc' dir='ltr'><strong><em>σόμεθα.</em></strong></span> <span class='ocrx_word' id='word_1_224' title='bbox 593 2615 673 2624; x_wconf 84' lang='lat'>-</span> <span class='ocrx_word' id='word_1_225' title='bbox 707 2580 887 2641; x_wconf 86' lang='lat' dir='ltr'><strong>Velim</strong></span> <span class='ocrx_word' id='word_1_226' title='bbox 919 2580 1094 2641; x_wconf 88' lang='lat' dir='ltr'><strong>etiam</strong></span> <span class='ocrx_word' id='word_1_227' title='bbox 1126 2580 1273 2640; x_wconf 89' lang='lat' dir='ltr'><strong>haec</strong></span> <span class='ocrx_word' id='word_1_228' title='bbox 1302 2579 1525 2641; x_wconf 90' lang='lat' dir='ltr'><strong>scholia</strong></span> <span class='ocrx_word' id='word_1_229' title='bbox 1555 2579 1863 2658; x_wconf 87' lang='lat' dir='ltr'><strong>aliquando</strong></span> <span class='ocrx_word' id='word_1_230' title='bbox 1897 2578 2191 2657; x_wconf 85' lang='lat' dir='ltr'><strong>integrum</strong></span> <span class='ocrx_word' id='word_1_231' title='bbox 2220 2579 2379 2640; x_wconf 86' lang='lat' dir='ltr'><strong>foras</strong></span> 
     </span>
     <span class='ocr_line' id='line_1_27' title="bbox 257 2664 2381 2743; baseline -0.002 -17"><span class='ocrx_word' id='word_1_232' title='bbox 257 2665 531 2726; x_wconf 83' lang='lat' dir='ltr'><strong>edantur.</strong></span> <span class='ocrx_word' id='word_1_233' title='bbox 584 2664 851 2743; x_wconf 82' lang='lat' dir='ltr'><strong>Namque</strong></span> <span class='ocrx_word' id='word_1_234' title='bbox 890 2664 1119 2725; x_wconf 88' lang='lat' dir='ltr'><strong>etiamsi</strong></span> <span class='ocrx_word' id='word_1_235' title='bbox 1159 2665 1338 2725; x_wconf 88' lang='lat' dir='ltr'><strong>multa</strong></span> <span class='ocrx_word' id='word_1_236' title='bbox 1369 2665 1431 2725; x_wconf 89' lang='lat' dir='ltr'><strong>in</strong></span> <span class='ocrx_word' id='word_1_237' title='bbox 1460 2664 1533 2724; x_wconf 88' lang='lat' dir='ltr'><strong>iis</strong></span> <span class='ocrx_word' id='word_1_238' title='bbox 1566 2671 1705 2724; x_wconf 85' lang='lat' dir='ltr'><strong>sunt</strong></span> <span class='ocrx_word' id='word_1_239' title='bbox 1732 2664 1901 2742; x_wconf 88' lang='lat' dir='ltr'><strong>plane</strong></span> <span class='ocrx_word' id='word_1_240' title='bbox 1930 2664 2154 2740; x_wconf 87' lang='lat' dir='ltr'><strong>inepta,</strong></span> <span class='ocrx_word' id='word_1_241' title='bbox 2184 2671 2381 2723; x_wconf 89' lang='lat' dir='ltr'><strong>tamen</strong></span> 
     </span>
     <span class='ocr_line' id='line_1_28' title="bbox 255 2746 2380 2828; baseline -0.002 -18"><span class='ocrx_word' id='word_1_242' title='bbox 255 2767 384 2810; x_wconf 89' lang='lat' dir='ltr'><strong>non</strong></span> <span class='ocrx_word' id='word_1_243' title='bbox 409 2748 629 2828; x_wconf 88' lang='lat' dir='ltr'><strong>poterit</strong></span> <span class='ocrx_word' id='word_1_244' title='bbox 652 2749 723 2809; x_wconf 91' lang='lat' dir='ltr'><strong>de</strong></span> <span class='ocrx_word' id='word_1_245' title='bbox 748 2750 910 2810; x_wconf 90' lang='lat' dir='ltr'><strong>omni</strong></span> <span class='ocrx_word' id='word_1_246' title='bbox 933 2767 1139 2809; x_wconf 89' lang='lat' dir='ltr'><strong>eorum</strong></span> <span class='ocrx_word' id='word_1_247' title='bbox 1163 2749 1387 2809; x_wconf 87' lang='lat' dir='ltr'><strong>ratione</strong></span> <span class='ocrx_word' id='word_1_248' title='bbox 1409 2755 1468 2808; x_wconf 92' lang='lat' dir='ltr'><strong>et</strong></span> <span class='ocrx_word' id='word_1_249' title='bbox 1491 2748 1675 2825; x_wconf 86' lang='lat' dir='ltr'><strong>qualis</strong></span> <span class='ocrx_word' id='word_1_250' title='bbox 1700 2746 1918 2808; x_wconf 86' lang='lat' dir='ltr'><strong>ultimis</strong></span> <span class='ocrx_word' id='word_1_251' title='bbox 1943 2747 2071 2807; x_wconf 90' lang='lat' dir='ltr'><strong>istis</strong></span> <span class='ocrx_word' id='word_1_252' title='bbox 2093 2747 2380 2825; x_wconf 87' lang='lat' dir='ltr'><strong>tempori-</strong></span> 
     </span>
     <span class='ocr_line' id='line_1_29' title="bbox 255 2831 2380 2911; baseline -0 -17"><span class='ocrx_word' id='word_1_253' title='bbox 255 2834 374 2894; x_wconf 86' lang='lat' dir='ltr'><strong>bus</strong></span> <span class='ocrx_word' id='word_1_254' title='bbox 405 2834 585 2893; x_wconf 89' lang='lat' dir='ltr'><strong>fuerit</strong></span> <span class='ocrx_word' id='word_1_255' title='bbox 620 2833 761 2894; x_wconf 90' lang='lat' dir='ltr'><strong>artis</strong></span> <span class='ocrx_word' id='word_1_256' title='bbox 794 2833 1203 2911; x_wconf 81' lang='lat' dir='ltr'><strong>grammaticae</strong></span> <span class='ocrx_word' id='word_1_257' title='bbox 1224 2832 1490 2893; x_wconf 87' lang='lat' dir='ltr'><strong>tractatio</strong></span> <span class='ocrx_word' id='word_1_258' title='bbox 1515 2838 1647 2911; x_wconf 84' lang='lat' dir='ltr'><strong>apte</strong></span> <span class='ocrx_word' id='word_1_259' title='bbox 1671 2831 1929 2904; x_wconf 88' lang='lat' dir='ltr'><strong>iudicari,</strong></span> <span class='ocrx_word' id='word_1_260' title='bbox 1958 2831 2072 2893; x_wconf 90' lang='lat' dir='ltr'><strong>nisi</strong></span> <span class='ocrx_word' id='word_1_261' title='bbox 2104 2831 2380 2893; x_wconf 89' lang='lat' dir='ltr'><strong>omnibus</strong></span> 
     </span>
     <span class='ocr_line' id='line_1_30' title="bbox 254 2916 2380 2997; baseline 0 -19"><span class='ocrx_word' id='word_1_262' title='bbox 254 2919 504 2997; x_wconf 89' lang='lat' dir='ltr'><strong>prolatis</strong></span> <span class='ocrx_word' id='word_1_263' title='bbox 534 2925 594 2978; x_wconf 90' lang='lat' dir='ltr'><strong>et</strong></span> <span class='ocrx_word' id='word_1_264' title='bbox 622 2925 894 2978; x_wconf 87' lang='lat' dir='ltr'><strong>contextu</strong></span> <span class='ocrx_word' id='word_1_265' title='bbox 924 2917 1151 2991; x_wconf 89' lang='lat' dir='ltr'><strong>eodem,</strong></span> <span class='ocrx_word' id='word_1_266' title='bbox 1182 2935 1298 2995; x_wconf 89' lang='lat' dir='ltr'><strong>quo</strong></span> <span class='ocrx_word' id='word_1_267' title='bbox 1330 2917 1392 2977; x_wconf 90' lang='lat' dir='ltr'><strong>in</strong></span> <span class='ocrx_word' id='word_1_268' title='bbox 1423 2916 1565 2977; x_wconf 89' lang='lat' dir='ltr'><strong>Mss.</strong></span> <span class='ocrx_word' id='word_1_269' title='bbox 1593 2918 1882 2995; x_wconf 83' lang='lat' dir='ltr'><strong>leguntur,</strong></span> <span class='ocrx_word' id='word_1_270' title='bbox 1908 2923 2152 2978; x_wconf 84' lang='lat' dir='ltr'><strong>servato.</strong></span> <span class='ocrx_word' id='word_1_271' title='bbox 2198 2917 2380 2978; x_wconf 86' lang='lat' dir='ltr'><strong>Acce-</strong></span> 
     </span>
     <span class='ocr_line' id='line_1_31' title="bbox 256 3000 2382 3081; baseline -0.002 -17"><span class='ocrx_word' id='word_1_272' title='bbox 256 3002 347 3064; x_wconf 87' lang='lat' dir='ltr'><strong>dit</strong></span> <span class='ocrx_word' id='word_1_273' title='bbox 376 3003 538 3081; x_wconf 87' lang='lat' dir='ltr'><strong>quod</strong></span> <span class='ocrx_word' id='word_1_274' title='bbox 568 3002 766 3080; x_wconf 86' lang='lat' dir='ltr'><strong>utique</strong></span> <span class='ocrx_word' id='word_1_275' title='bbox 795 3002 1108 3063; x_wconf 86' lang='lat' dir='ltr'><strong>molestum</strong></span> <span class='ocrx_word' id='word_1_276' title='bbox 1140 3009 1247 3073; x_wconf 89' lang='lat' dir='ltr'><strong>est,</strong></span> <span class='ocrx_word' id='word_1_277' title='bbox 1281 3000 1595 3063; x_wconf 81' lang='lat' dir='ltr'><strong>decurtatis</strong></span> <span class='ocrx_word' id='word_1_278' title='bbox 1627 3009 1800 3080; x_wconf 90' lang='lat' dir='ltr'><strong>atque</strong></span> <span class='ocrx_word' id='word_1_279' title='bbox 1833 3002 2115 3080; x_wconf 85' lang='lat' dir='ltr'><strong>excerptis</strong></span> <span class='ocrx_word' id='word_1_280' title='bbox 2146 3001 2249 3072; x_wconf 91' lang='lat' dir='ltr'><strong>uti,</strong></span> <span class='ocrx_word' id='word_1_281' title='bbox 2282 3000 2382 3062; x_wconf 90' lang='lat' dir='ltr'><strong>ubi</strong></span> 
     </span>
     <span class='ocr_line' id='line_1_32' title="bbox 254 3085 2383 3165; baseline -0.002 -17"><span class='ocrx_word' id='word_1_282' title='bbox 254 3105 499 3164; x_wconf 82' lang='lat' dir='ltr'><strong>semper</strong></span> <span class='ocrx_word' id='word_1_283' title='bbox 526 3087 851 3148; x_wconf 86' lang='lat' dir='ltr'><strong>timendum</strong></span> <span class='ocrx_word' id='word_1_284' title='bbox 882 3104 956 3147; x_wconf 90' lang='lat' dir='ltr'><strong>ne</strong></span> <span class='ocrx_word' id='word_1_285' title='bbox 984 3085 1264 3165; x_wconf 85' lang='lat' dir='ltr'><strong>gravioris</strong></span> <span class='ocrx_word' id='word_1_286' title='bbox 1295 3086 1507 3165; x_wconf 86' lang='lat' dir='ltr'><strong>aliquid</strong></span> <span class='ocrx_word' id='word_1_287' title='bbox 1540 3086 1824 3147; x_wconf 86' lang='lat' dir='ltr'><strong>momenti</strong></span> <span class='ocrx_word' id='word_1_288' title='bbox 1854 3085 2026 3145; x_wconf 90' lang='lat' dir='ltr'><strong>nobis</strong></span> <span class='ocrx_word' id='word_1_289' title='bbox 2059 3085 2130 3145; x_wconf 87' lang='lat' dir='ltr'><strong>ab</strong></span> <span class='ocrx_word' id='word_1_290' title='bbox 2161 3085 2383 3145; x_wconf 89' lang='lat' dir='ltr'><strong>editore</strong></span> 
     </span>
     <span class='ocr_line' id='line_1_33' title="bbox 256 3171 751 3232; baseline -0.002 0"><span class='ocrx_word' id='word_1_291' title='bbox 256 3172 624 3232; x_wconf 85' lang='lat' dir='ltr'><strong>subtractum</strong></span> <span class='ocrx_word' id='word_1_292' title='bbox 659 3171 751 3232; x_wconf 87' lang='lat' dir='ltr'><strong>sit.</strong></span> 
     </span>
    </p>
   </div>
   <div class='ocr_carea' id='block_1_3' title="bbox 1234 3303 2460 3384">
    <p class='ocr_par' dir='ltr' id='par_1_3' title="bbox 1234 3303 2460 3384">
     <span class='ocr_line' id='line_1_34' title="bbox 1234 3303 2460 3384; baseline -0.001 -23"><span class='ocrx_word' id='word_1_293' title='bbox 1234 3306 1269 3375; x_wconf 64' lang='grc' dir='ltr'><strong><em>ς</em></strong></span> <span class='ocrx_word' id='word_1_294' title='bbox 1297 3303 1403 3374; x_wconf 71' lang='lat'>‚10.</span> <span class='ocrx_word' id='word_1_295' title='bbox 2410 3345 2460 3384; x_wconf 64' lang='lat'><strong>29</strong></span> 
     </span>
    </p>
   </div>
   <div class='ocr_carea' id='block_1_4' title="bbox 255 3420 2383 4091">
    <p class='ocr_par' dir='ltr' id='par_1_4' title="bbox 255 3420 2383 4091">
     <span class='ocr_line' id='line_1_35' title="bbox 432 3420 2381 3499; baseline -0.001 -18"><span class='ocrx_word' id='word_1_296' title='bbox 432 3422 572 3482; x_wconf 88' lang='lat' dir='ltr'><strong>Scio</strong></span> <span class='ocrx_word' id='word_1_297' title='bbox 601 3421 889 3482; x_wconf 87' lang='lat' dir='ltr'><strong>lubricum</strong></span> <span class='ocrx_word' id='word_1_298' title='bbox 922 3440 1083 3492; x_wconf 89' lang='lat' dir='ltr'><strong>esse,</strong></span> <span class='ocrx_word' id='word_1_299' title='bbox 1125 3421 1476 3482; x_wconf 85' lang='lat' dir='ltr'><strong>litteratores</strong></span> <span class='ocrx_word' id='word_1_300' title='bbox 1508 3420 1861 3499; x_wconf 79' lang='lat' dir='ltr'><strong>Byzantinos</strong></span> <span class='ocrx_word' id='word_1_301' title='bbox 1902 3420 1974 3481; x_wconf 90' lang='lat' dir='ltr'><strong>ad</strong></span> <span class='ocrx_word' id='word_1_302' title='bbox 2017 3427 2202 3481; x_wconf 88' lang='lat' dir='ltr'><strong>certas</strong></span> <span class='ocrx_word' id='word_1_303' title='bbox 2245 3438 2381 3480; x_wconf 86' lang='lat' dir='ltr'><strong>suc—</strong></span> 
     </span>
     <span class='ocr_line' id='line_1_36' title="bbox 257 3503 2378 3583; baseline -0.001 -16"><span class='ocrx_word' id='word_1_304' title='bbox 257 3506 568 3568; x_wconf 85' lang='lat' dir='ltr'><strong>cessiones</strong></span> <span class='ocrx_word' id='word_1_305' title='bbox 600 3505 930 3566; x_wconf 84' lang='lat' dir='ltr'><strong>describere</strong></span> <span class='ocrx_word' id='word_1_306' title='bbox 961 3506 1131 3578; x_wconf 79' lang='lat' dir='ltr'><strong>velle3</strong></span> <span class='ocrx_word' id='word_1_307' title='bbox 1159 3523 1369 3583; x_wconf 90' lang='lat' dir='ltr'><strong>neque,</strong></span> <span class='ocrx_word' id='word_1_308' title='bbox 1398 3505 1450 3565; x_wconf 88' lang='lat' dir='ltr'><strong>si</strong></span> <span class='ocrx_word' id='word_1_309' title='bbox 1481 3503 1771 3565; x_wconf 90' lang='lat' dir='ltr'><strong>eiusmodi</strong></span> <span class='ocrx_word' id='word_1_310' title='bbox 1800 3504 2122 3583; x_wconf 85' lang='lat' dir='ltr'><strong>periculum</strong></span> <span class='ocrx_word' id='word_1_311' title='bbox 2151 3504 2378 3574; x_wconf 85' lang='lat' dir='ltr'><strong>faciam,</strong></span> 
     </span>
     <span class='ocr_line' id='line_1_37' title="bbox 255 3588 2381 3668; baseline -0.001 -18"><span class='ocrx_word' id='word_1_312' title='bbox 255 3591 421 3652; x_wconf 86' lang='lat' dir='ltr'><strong>aliud</strong></span> <span class='ocrx_word' id='word_1_313' title='bbox 460 3590 603 3649; x_wconf 89' lang='lat' dir='ltr'><strong>mihi</strong></span> <span class='ocrx_word' id='word_1_314' title='bbox 642 3589 794 3661; x_wconf 84' lang='lat' dir='ltr'><strong>volo,</strong></span> <span class='ocrx_word' id='word_1_315' title='bbox 834 3590 948 3650; x_wconf 87' lang='lat' dir='ltr'><strong>nisi</strong></span> <span class='ocrx_word' id='word_1_316' title='bbox 978 3591 1049 3650; x_wconf 92' lang='lat' dir='ltr'><strong>ad</strong></span> <span class='ocrx_word' id='word_1_317' title='bbox 1081 3590 1265 3668; x_wconf 91' lang='lat' dir='ltr'><strong>aliqua</strong></span> <span class='ocrx_word' id='word_1_318' title='bbox 1295 3589 1531 3650; x_wconf 89' lang='lat' dir='ltr'><strong>tandem</strong></span> <span class='ocrx_word' id='word_1_319' title='bbox 1561 3589 1905 3649; x_wconf 85' lang='lat' dir='ltr'><strong>lineamenta</strong></span> <span class='ocrx_word' id='word_1_320' title='bbox 1934 3588 2183 3649; x_wconf 88' lang='lat' dir='ltr'><strong>breviter</strong></span> <span class='ocrx_word' id='word_1_321' title='bbox 2210 3606 2381 3648; x_wconf 87' lang='lat' dir='ltr'><strong>revo-</strong></span> 
     </span>
     <span class='ocr_line' id='line_1_38' title="bbox 258 3672 2377 3754; baseline -0.002 -19"><span class='ocrx_word' id='word_1_322' title='bbox 258 3694 422 3746; x_wconf 87' lang='lat' dir='ltr'><strong>care,</strong></span> <span class='ocrx_word' id='word_1_323' title='bbox 464 3693 610 3753; x_wconf 91' lang='lat' dir='ltr'><strong>quae</strong></span> <span class='ocrx_word' id='word_1_324' title='bbox 652 3674 875 3754; x_wconf 88' lang='lat' dir='ltr'><strong>passim</strong></span> <span class='ocrx_word' id='word_1_325' title='bbox 918 3681 974 3734; x_wconf 90' lang='lat' dir='ltr'><strong>et</strong></span> <span class='ocrx_word' id='word_1_326' title='bbox 1003 3674 1239 3734; x_wconf 89' lang='lat' dir='ltr'><strong>disiecte</strong></span> <span class='ocrx_word' id='word_1_327' title='bbox 1270 3675 1587 3751; x_wconf 88' lang='lat' dir='ltr'><strong>disceptata</strong></span> <span class='ocrx_word' id='word_1_328' title='bbox 1629 3674 1858 3733; x_wconf 90' lang='lat' dir='ltr'><strong>suntin</strong></span> <span class='ocrx_word' id='word_1_329' title='bbox 1889 3672 2377 3733; x_wconf 66' lang='lat' dir='ltr'><strong>antecedentibus</strong></span> 
     </span>
     <span class='ocr_line' id='line_1_39' title="bbox 258 3756 2383 3838; baseline -0.003 -17"><span class='ocrx_word' id='word_1_330' title='bbox 258 3760 493 3821; x_wconf 89' lang='lat' dir='ltr'><strong>Censeo</strong></span> <span class='ocrx_word' id='word_1_331' title='bbox 535 3759 711 3836; x_wconf 84' lang='lat' dir='ltr'><strong>igitur</strong></span> <span class='ocrx_word' id='word_1_332' title='bbox 750 3759 956 3837; x_wconf 89' lang='lat' dir='ltr'><strong>primis</strong></span> <span class='ocrx_word' id='word_1_333' title='bbox 990 3759 1324 3838; x_wconf 87' lang='lat' dir='ltr'><strong>Cpolitanae</strong></span> <span class='ocrx_word' id='word_1_334' title='bbox 1361 3757 1698 3836; x_wconf 85' lang='lat' dir='ltr'><strong>disciplinae</strong></span> <span class='ocrx_word' id='word_1_335' title='bbox 1732 3757 2100 3836; x_wconf 86' lang='lat' dir='ltr'><strong>temporibus</strong></span> <span class='ocrx_word' id='word_1_336' title='bbox 2133 3756 2383 3817; x_wconf 89' lang='lat' dir='ltr'><strong>dandam</strong></span> 
     </span>
     <span class='ocr_line' id='line_1_40' title="bbox 257 3841 2381 3921; baseline -0.001 -18"><span class='ocrx_word' id='word_1_337' title='bbox 257 3863 396 3905; x_wconf 87' lang='lat' dir='ltr'><strong>esse</strong></span> <span class='ocrx_word' id='word_1_338' title='bbox 435 3843 883 3921; x_wconf 86' lang='lat' dir='ltr'><strong>conceptionem</strong></span> <span class='ocrx_word' id='word_1_339' title='bbox 926 3843 1335 3921; x_wconf 85' lang='lat' dir='ltr'><strong>grammaticae</strong></span> <span class='ocrx_word' id='word_1_340' title='bbox 1364 3842 1626 3921; x_wconf 80' lang='lat' dir='ltr'><strong>Dionysii</strong></span> <span class='ocrx_word' id='word_1_341' title='bbox 1658 3841 1899 3902; x_wconf 89' lang='lat' dir='ltr'><strong>Thracis</strong></span> <span class='ocrx_word' id='word_1_342' title='bbox 1943 3861 2091 3919; x_wconf 82' lang='lat' dir='ltr'><strong>quae</strong></span> <span class='ocrx_word' id='word_1_343' title='bbox 2121 3848 2381 3900; x_wconf 88' lang='lat' dir='ltr'><strong>vocatur.</strong></span> 
     </span>
     <span class='ocr_line' id='line_1_41' title="bbox 257 3926 2383 4005; baseline -0.002 -17"><span class='ocrx_word' id='word_1_344' title='bbox 257 3927 488 3988; x_wconf 86' lang='lat' dir='ltr'><strong>Exinde</strong></span> <span class='ocrx_word' id='word_1_345' title='bbox 528 3928 802 3989; x_wconf 89' lang='lat' dir='ltr'><strong>floruisse</strong></span> <span class='ocrx_word' id='word_1_346' title='bbox 833 3927 1236 3988; x_wconf 89' lang='lat' dir='ltr'><strong>Theodosium</strong></span> <span class='ocrx_word' id='word_1_347' title='bbox 1274 3926 1756 3997; x_wconf 85' lang='lat' dir='ltr'><strong>Alexandrinum,</strong></span> <span class='ocrx_word' id='word_1_348' title='bbox 1799 3926 1898 4005; x_wconf 90' lang='lat' dir='ltr'><strong>qui</strong></span> <span class='ocrx_word' id='word_1_349' title='bbox 1940 3926 2061 3985; x_wconf 88' lang='lat' dir='ltr'><strong>sive</strong></span> <span class='ocrx_word' id='word_1_350' title='bbox 2101 3942 2383 4004; x_wconf 88' lang='lat' dir='ltr'><strong>compen-</strong></span> 
     </span>
     <span class='ocr_line' id='line_1_42' title="bbox 258 4009 2382 4091; baseline -0.001 -18"><span class='ocrx_word' id='word_1_351' title='bbox 258 4014 426 4074; x_wconf 89' lang='lat' dir='ltr'><strong>dium</strong></span> <span class='ocrx_word' id='word_1_352' title='bbox 457 4013 612 4073; x_wconf 87' lang='lat' dir='ltr'><strong>istud</strong></span> <span class='ocrx_word' id='word_1_353' title='bbox 644 4019 1016 4085; x_wconf 86' lang='lat' dir='ltr'><strong>accentuum,</strong></span> <span class='ocrx_word' id='word_1_354' title='bbox 1050 4011 1214 4073; x_wconf 90' lang='lat' dir='ltr'><strong>cuius</strong></span> <span class='ocrx_word' id='word_1_355' title='bbox 1246 4011 1726 4091; x_wconf 86' lang='lat' dir='ltr'><strong>interpretatione</strong></span> <span class='ocrx_word' id='word_1_356' title='bbox 1758 4011 1892 4072; x_wconf 89' lang='lat' dir='ltr'><strong>olim</strong></span> <span class='ocrx_word' id='word_1_357' title='bbox 1926 4009 2205 4089; x_wconf 82' lang='lat' dir='ltr'><strong>Dionysio</strong></span> <span class='ocrx_word' id='word_1_358' title='bbox 2238 4028 2382 4089; x_wconf 88' lang='lat' dir='ltr'><strong>pro-</strong></span> 
     </span>
    </p>
   </div>
  </div>
 </body>
</html>
