2867 4717
936 432 1018 483 De
1054 431 1356 499 Aeschyli
1389 431 1618 484 Persis.
2302 425 2334 476 9

241 609 518 684 anguntur
556 618 731 664 senes
764 601 983 663 chorici
1028 607 1090 662 et
1125 600 1365 674 Atossa‚
1418 598 1633 678 quibus
1673 614 1872 660 rerum
1912 591 2335 658 administratio

243 689 544 752 commissa
573 694 683 762 est,
714 687 854 748 dum
875 687 1100 750 Xerxes
1130 684 1666 766 peregrinetur20).
1724 682 1929 745 Darius
1956 671 2212 759 δαίμων
2234 680 2259 719 2
2278 680 2333 753 ι)

241 775 306 837 ab
333 773 530 836 inferis
559 772 880 846 adscendit,
924 779 982 834 et
1011 790 1078 833 ea
1111 770 1326 844 omnia,
1369 787 1518 849 quae
1559 768 1810 829 Nuntius
1841 767 2021 828 modo
2064 765 2136 825 de
2177 763 2335 826 clade
2365 781 2418 821 18

241 859 539 920 Salaminia
571 858 864 931 retulerat,
901 857 1021 918 fato
1050 856 1201 918 facta
1231 875 1363 917 esse
1393 855 1469 916 ita
1499 853 1768 925 affirmat,
1800 858 1867 914 ut
1895 852 1965 912 ad
1991 856 2215 911 vetusta
2245 849 2339 910 illa

241 945 461 1006 oracula
489 944 722 1005 alludat.
782 942 971 1003 Simul
1008 960 1153 1021 quae
1181 942 1338 1021 apud
1370 938 1633 1002 Plataeas
1652 941 1677 980 ²
1695 941 1751 1016 2)
1784 937 1997 1000 relictis
2026 935 2339 996 Persarum

243 1030 418 1109 copiis
460 1030 699 1100 instent,
730 1027 988 1089 indicat²
1006 1029 1082 1103 3).

399 1114 461 1191 3)
495 1114 805 1176 Glaucus
843 1111 1183 1174 Marinus.
1251 1112 1319 1172 In
1362 1110 1473 1171 bac
1499 1108 1692 1170 fabula
1735 1128 1765 1170 a
1799 1107 2014 1169 Glauco
2060 1123 2144 1178 ea,
2190 1122 2337 1184 quae
2364 1125 2415 1165 19

243 1200 412 1262 modo
436 1199 590 1279 apud
614 1199 911 1259 Himeram
935 1197 1146 1259 Siculis
1171 1196 1449 1258 adversus
1460 1192 1697 1255 Poenos
1723 1192 2102 1272 contigerant,
2129 1189 2341 1269 partim

244 1293 515 1359 enarrata,
534 1283 749 1365 partim
768 1283 1016 1344 divinata
1037 1282 1218 1343 fuisse
1242 1279 1576 1359 suspicatur
1591 1278 1953 1352 Welckerus3
1979 1295 2101 1337 rem
2120 1275 2343 1336 Anthe-

244 1369 408 1430 donte
449 1370 511 1432 in
557 1368 816 1443 Boeotia,
859 1367 959 1429 ubi
1006 1367 1255 1429 Glaucus
1302 1356 1560 1443 δαίμων
1602 1356 1916 1446 ἐγχώριος
1959 1368 2099 1435 erat,
2155 1366 2342 1422 actam

240 1455 495 1534 essen).

365 1653 447 1718 20)
474 1655 684 1720 Atussa,
709 1653 830 1722 Cyri
855 1654 974 1716 filia,
1010 1650 1123 1721 εἶχε
1147 1650 1209 1703 τὸ
1238 1653 1356 1705 πᾶν
1379 1648 1584 1720 κράτος
1601 1652 1719 1703 Her.
1748 1651 1855 1705 VH.
1882 1651 1930 1702 3.
1974 1650 2133 1700 Senes
2160 1649 2344 1699 chorici

242 1722 474 1788 principes
500 1739 565 1772 ac
590 1738 778 1773 summo
804 1723 915 1773 loeo
939 1723 1045 1772 nati
1067 1720 1213 1770 1-6.
1265 1720 1379 1771 140.
1406 1721 1506 1771 210
1526 1737 1600 1786 sq.
1629 1721 1725 1771 215
1747 1737 1819 1786 sq.
1876 1720 2076 1786 Septem
2097 1733 2184 1768 eos
2204 1716 2346 1781 regni

242 1805 465 1856 proceres
487 1788 652 1842 fuisse
678 1791 962 1857 suspicatur
986 1788 1260 1852 Stanlejus.
1320 1789 1503 1840 Darius
1541 1804 1630 1839 eos
1666 1784 1841 1839 πιστὰ
1865 1788 2085 1839 πιστῶν
2108 1787 2347 1870 appellat,

243 1864 291 1908 et
309 1851 484 1923 ἥλικες
524 1851 660 1924 ἥβης
682 1857 842 1927 ἐμῆς-ς
874 1859 1063 1909 Atossa
1087 1857 1329 1927 γηραλέα
1353 1852 1704 1926 πιστώματα,
1732 1852 1919 1907 πάντα
1951 1852 2061 1923 γὰρ
2095 1872 2163 1906 τα
2196 1851 2330 1906 κέδν

245 1922 299 1978 ἐν
318 1923 452 1995 ἡμῖν
477 1924 607 1977 ἐστί
627 1943 730 1995 μοι
752 1922 1120 1994 βουλεύματα.
1168 1924 1402 1974 Ceterum
1426 1927 1552 1990 apud
1579 1924 1885 1975 Herodotum
1904 1922 2110 1973 Xerxes
2130 1922 2225 1972 soli
2244 1920 2348 1972 Ar-

243 1993 411 2042 tabano
430 1995 712 2060 imperium,
735 1995 965 2060 quamdiu
990 1995 1098 2058 ipse
1123 1993 1305 2041 absens
1330 1989 1531 2042 futurus
1558 1992 1641 2055 sit,
1668 1991 1945 2042 committit.

366 2061 448 2125 21)
476 2062 666 2112 Darius
690 2058 927 2132 δαίμων.
973 2060 1113 2111 Darii
1147 2075 1409 2126 personam
1435 2060 1717 2127 primariam
1751 2074 1865 2109 esse
1889 2064 2045 2125 patet.
2093 2058 2217 2109 Eam
2250 2073 2346 2107 non

244 2129 391 2179 solum
430 2137 672 2195 tanquam
703 2130 1109 2189 laetissimarum,
1153 2128 1329 2212 guibus
1367 2128 1520 2179 Dario
1555 2143 1674 2191 rege
1708 2128 1871 2190 gavisi
1906 2127 2009 2177 sint
2039 2125 2226 2177 Persae
2261 2123 2346 2190 (cf.

244 2195 378 2247 Chor.
404 2197 505 2248 852
535 2200 647 2264 sq.),
670 2213 839 2249 rerum
863 2204 1119 2248 auctorem
1145 2211 1370 2256 ακακον,
1398 2191 1642 2262 ἀβλάβην
1659 2195 1840 2260 Xerxi,
1865 2194 2167 2245 miserabilis
2193 2194 2348 2255 illius,

244 2279 356 2329 quae
391 2281 527 2315 nunc
554 2266 753 2331 irrupit,
778 2266 955 2315 ruinae
980 2265 1176 2315 auctori
1201 2265 1419 2331 opponit,
1447 2279 1622 2314 verum
1646 2264 1913 2330 mythicam
1933 2263 2081 2313 etiam
2107 2262 2349 2328 quandam

244 2333 448 2397 speciem
471 2332 602 2383 mira
628 2349 739 2383 cum
761 2340 875 2383 arte
900 2348 1020 2382 suae
1046 2332 1122 2382 rei
1147 2333 1215 2382 ita
1242 2340 1514 2399 comparat,
1538 2339 1595 2381 ut
1619 2348 1729 2382 eum
1749 2339 1980 2397 tanquam
2000 2346 2176 2381 numen
2196 2331 2352 2396 quod·

245 2400 343 2450 dam
365 2407 418 2451 et
440 2401 734 2451 daemonem
758 2401 1110 2452 divinatorium
1132 2400 1317 2450 actioni
1343 2400 1579 2465 implicet.
1620 2399 1919 2451 Daemonem
1938 2414 2046 2449 eum
2070 2395 2207 2459 facit,
2235 2412 2349 2448 eas-

246 2467 342 2518 dem
365 2468 597 2519 rationes
622 2477 844 2532 secutus,
878 2483 1001 2534 quas
1025 2467 1250 2518 Creuzer
1271 2468 1443 2534 Symb.
1469 2466 1552 2518 III.
1576 2468 1718 2518 initio
1744 2466 1953 2517 Graecis
1980 2467 2029 2515 in
2056 2463 2348 2529 effingendis

245 2535 463 2586 heroibus
486 2537 709 2586 usitatas
733 2534 891 2587 fuisse
914 2537 1151 2603 disputat.
1199 2535 1380 2585 Darius
1412 2536 1582 2586 adstat
1605 2535 1770 2586 Xerxi
1802 2534 2112 2601 periclitanti
2145 2534 2191 2583 in
2220 2549 2354 2583 som-

246 2603 317 2652 nio
337 2604 591 2666 Atossae3
619 2620 679 2653 eo
704 2620 861 2670 usque
884 2604 1152 2670 potestatis
1176 2604 1317 2653 valet
1340 2604 1389 2653 iu
1414 2603 1564 2667 Orco,
1599 2611 1656 2653 ut
1688 2604 1854 2669 possit
1884 2597 2064 2654 ἐσθλὰ
2097 2602 2351 2669 πέμπειν

245 2669 465 2736 messae,
492 2672 669 2738 τέκνῳ
693 2687 768 2735 τε,
793 2673 892 2740 γῆς
917 2669 1144 2740 ἔνερθεν
1165 2669 1222 2727 ἐς
1244 2665 1407 2736 φάος,
1435 2663 1724 2742 τᾶμπαλιν
1748 2667 1811 2721 δὲ
1845 2667 2024 2721 τῶνδε
2055 2672 2220 2736 γαίας
2250 2665 2349 2719 κά-

246 2734 346 2806 τοχ’
373 2735 780 2820 ἀμαυροῦσθαι
807 2736 1005 2806 σκότῳ.
1037 2739 1118 2790 Illi
1144 2747 1375 2805 tauquam
1400 2740 1494 2789 deo
1519 2753 1800 2790 averrunco
1826 2735 2034 2787 inferiae
2055 2737 2350 2800 offeruntur,

246 2807 1618 2989 2⁶?”3ff2‘5‘272‘30⁰.⁸:1;⁰¹¹ss⁰3.335202.?‘23233‘49m...
1649 2865 1898 2934 ὕπεστιν,
1931 2865 2043 2922 aa:
2085 2865 2153 2924 ze
2193 2869 2353 2923 εκ...-

279 2957 437 2993 υεται.

369 3010 452 3074 23)
479 3011 622 3077 Quae
645 3010 839 3063 Chorus
866 3010 965 3061 584
1000 3016 1107 3076 sqq.
1133 3011 1195 3060 de
1220 3010 1416 3077 populis
1444 3009 1683 3061 Asiaticis
1708 3037 1778 3046 —
1802 3010 1859 3059 ol
1891 3003 1997 3060 ἀνὰ
2031 3009 2140 3076 γᾶν
2160 3002 2353 3058 Ἀσίαν

247 3100 307 3113 -
327 3076 596 3130 Persarum
614 3078 792 3143 jugum
808 3079 1013 3144 jamjam
1038 3080 1332 3130 excussuris
1357 3078 1496 3141 dicit,
1527 3079 1592 3129 iis
1627 3078 1689 3128 ad
1713 3076 1859 3128 Iones
1889 3077 2199 3144 potissimum
2222 3076 2352 3126 allu-

249 3143 356 3194 dere
377 3148 495 3197 mihi
522 3147 740 3198 videtur.

370 3214 451 3277 24)
473 3214 778 3278 Fragmenta
798 3214 945 3279 hujus
963 3211 1161 3265 fabulae
1181 3230 1230 3265 v.
1244 3215 1371 3281 apud
1382 3214 1550 3264 Herm.
1566 3215 1626 3264 de
1639 3214 1878 3280 Aeschyli
1893 3211 2092 3263 Glaucis
2113 3210 2353 3277 opusc.11.

249 3294 291 3344 p.
307 3279 367 3330 59
393 3297 466 3348 sq.
506 3281 645 3347 Quae
672 3298 734 3332 ex
762 3284 823 3332 iis
848 3282 1152 3346 cruithk.,
1176 3284 1435 3333 admodum
1459 3282 1608 3332 dubia
1628 3297 1741 3333 esse
1768 3288 1992 3348 apparet.
2037 3280 2353 3346 Equidem-

248 3350 1336 3469 }¹5.33¹.32¹1}‘.¹32{t¹;¹.¹¹213.⁰23.2223⁵323¹22⁹³⁰23
1350 3351 1616 3484 3333&ss
1642 3350 2013 3484 ⁰q¹11.¹3¹:{‚⁵¹1¹;‚¹;¹;¹
2025 3348 2353 3484 1333333‘33

250 3480 409 3534 Persis
432 3482 532 3535 fab.
559 3487 775 3537 iudicata
800 3494 933 3550 sunt,
958 3487 1219 3537 maximam
1246 3487 1424 3537 Glauci
1448 3456 1638 3553 parteu'i
1674 3486 1960 3536 Plataeensi
1985 3501 2178 3550 pugnae
2204 3491 2353 3550 atquc

248 3547 407 3601 Ionum
431 3553 481 3602 in
507 3554 794 3605 libertatem
819 3556 1128 3606 restitutioni
1153 3556 1317 3605 datam
1340 3552 1498 3605 fuisse
1524 3555 1838 3605 crediderim.
1881 3553 2007 3605 Nam
2033 3554 2094 3603 iis
2113 3553 2172 3604 ad
2195 3552 2355 3603 Grae-

252 3632 410 3669 corum
434 3621 646 3684 gloriam
673 3629 726 3672 et
751 3621 1036 3673 libertatem
1063 3639 1159 3672 non
1184 3624 1328 3672 modo
1354 3623 1619 3689 plurimum
1655 3622 1945 3688 addebatur,
1973 3623 2077 3684 sed,
2111 3621 2154 3673 si
2180 3621 2354 3670 defini-

250 3691 344 3736 tum
368 3688 515 3753 hujus
539 3689 660 3740 belli
686 3690 919 3741 ambitum
945 3689 1149 3742 efficere
1173 3691 1380 3757 placuit,
1416 3692 1552 3741 hisee
1585 3692 1762 3757 pugnis
1787 3690 2075 3742 Plataeensi
2103 3696 2156 3739 et
2179 3689 2355 3755 Myca-

252 3752 369 3831 lensi
393 3756 509 3806 finis
535 3758 685 3808 etiam
710 3765 763 3808 et
787 3766 922 3808 certa
950 3759 1202 3809 conclusio
1241 3761 1336 3810 toti
1373 3760 1558 3810 actioni
1595 3775 1774 3809 revera
1813 3758 2170 3824 imponebatur,
2203 3763 2354 3820 atque

254 3827 362 3872 item
386 3825 433 3872 in
460 3839 612 3875 scena
642 3841 725 3876 res
752 3827 934 3892 optime
959 3843 1069 3877 cum
1094 3828 1156 3878 iis
1182 3827 1409 3878 concludi
1433 3835 1651 3894 poterat.
1690 3826 1792 3877 Eas
1818 3826 2030 3876 choricis
2055 3823 2353 3876 carminibus

253 3888 561 3943 Anthedoute
585 3893 634 3943 in
654 3894 878 3956 Boeotia,
905 3910 1046 3961 quam
1073 3902 1125 3945 et
1149 3896 1255 3962 ipse
1276 3896 1456 3946 Aesch.
1481 3895 1594 3945 Prs.
1614 3894 1729 3945 806.
1756 3894 1962 3944 inuuere
1987 3894 2206 3955 videtur,
2232 3907 2352 3941 con-

254 3957 524 4009 celebratas
549 3968 601 4010 et
625 3977 716 4027 per
738 3963 910 4017 varias
935 3978 1113 4013 scenas
1139 3964 1373 4013 discretis
1399 3962 1714 4014 sermonibus
1739 3970 1793 4012 et
1815 3961 2094 4013 actionibus
2114 3959 2354 4011 distribu-

255 4029 327 4075 tas
364 4024 522 4078 fuisse
563 4037 961 4083 consentaneum.
993 4039 1089 4082 est.
1150 4030 1325 4097 Neque
1365 4048 1466 4082 nou
1507 4031 1667 4098 ipsum
1707 4030 2003 4081 Himerense
2043 4028 2289 4094 proelium
2323 4043 2354 4079 a

257 4089 436 4146 Glauco
460 4097 643 4149 reduce
680 4099 731 4149 in
762 4099 925 4150 media
958 4096 1125 4149 fabula
1166 4105 1423 4150 narratum
1446 4098 1622 4162 fuisse,
1646 4106 1797 4165 atque
1829 4097 1900 4148 ita
1926 4110 2118 4149 omnem
2141 4097 2354 4149 omnium
