2867 4717
503 426 573 480 66
1304 427 1398 479 De
1432 426 1795 480 Hellanico

501 582 714 644 dehinc
743 582 804 643 in
832 589 1035 661 aperto
1068 583 1146 643 sit
1181 589 1355 661 atque
1385 584 1457 644 ad
1491 583 1966 661 cognoscendum
1997 584 2352 662 expeditum.
2420 584 2624 645 Restat

496 676 566 729 ut
593 686 740 746 quae
768 667 893 727 eius
925 668 997 728 ad
1028 667 1396 728 Herodotum
1441 668 1589 728 ratio
1621 668 1699 729 sit
1726 676 1785 728 et
1814 667 1953 746 quid
1983 668 2224 729 inferior
2255 675 2414 730 aetas
2448 670 2520 730 de
2548 689 2617 729 eo

500 751 915 812 existimaverit
957 752 1161 830 paucis
1203 752 1551 813 examinem.
1613 752 1739 825 Qua
1779 753 1841 813 in
1870 771 1933 813 re
1962 753 2074 814 iam
2107 754 2366 832 primum
2398 754 2471 815 de
2499 754 2619 815 He·

499 837 715 898 rodoto
747 835 1150 897 difficillimum
1191 845 1283 897 est
1321 837 1704 915 pronuntiare
1733 837 2068 916 quidquam.
2128 838 2488 899 Hellanicum
2519 857 2618 898 ae-

500 928 617 982 tate
647 921 865 1000 paulo
851 921 1137 982 iuniorem
1169 920 1266 981 illo
1299 941 1432 982 esse
1462 940 1642 1000 supra
1667 923 2137 984 demonstratum
2162 930 2270 996 est,
2291 940 2484 1018 neque
2506 923 2621 984 hoc

498 1005 636 1065 inde
663 1006 904 1066 refutari
933 1012 1148 1084 potest,
1180 1007 1338 1085 quod
1369 1007 1658 1068 Nostrum
1687 1024 2114 1085 nonnunquam
2145 1008 2297 1068 inter
2325 1007 2619 1108 antiquio-

499 1108 594 1150 res
627 1099 955 1163 numerant,
986 1091 1143 1151 velut
1170 1110 1262 1192 ap.
1295 1091 1534 1193 Dionys
1562 1092 1689 1152 Hal.
1721 1091 1792 1152 ad
1824 1092 1928 1152 Cn.
1957 1092 2168 1170 Pomp
2202 1111 2250 1152 c.
2285 1091 2341 1152 3.
2384 1084 2460 1152 οὗ
2488 1088 2620 1174 μήν

491 1166 860 1277 ςΗρόδοτός
913 1194 983 1253 γε
1024 1167 1204 1236 τοῦτ’
1238 1169 1601 1278 (ἐποίησεν,
1658 1167 1824 1236 ἄλλα
1867 1174 1996 1236 τῶν
2026 1172 2176 1277 πρὸ
2220 1167 2417 1237 αὐτοῦ
2461 1193 2619 1276 συγ-

501 1253 805 1363 γραφέων
849 1252 1204 1339 γενομένων
1238 1250 1615 1321 Ἑλλανίκου
1658 1279 1731 1321 τε
1775 1256 1890 1322 καὶ
1929 1254 2247 1363 Χάρωνος
2273 1257 2390 1342 τὴν
2421 1251 2620 1344 αυτὴν

497 1337 833 1405 ὖπόθεσιν
876 1339 1489 1425 προεκδεδωκότων,
1536 1336 1652 1406 οὐκ
1694 1337 2118 1426 απετράπετο
2147 1342 2310 1405 κτλ.;
2341 1346 2500 1440 quod
2528 1345 2617 1405 fe—

500 1436 705 1489 cerunt
733 1435 798 1488 ut
826 1447 934 1506 ego
960 1429 1175 1507 opinor
1198 1431 1407 1507 partim
1431 1437 1763 1509 propterea,
1788 1430 1946 1508 quod
1970 1429 2300 1490 Hellanicus
2324 1430 2615 1508 antiquio-

498 1530 624 1573 rem
655 1513 935 1574 historiae
965 1515 1426 1574 conscribendae
1448 1516 1735 1575 rationem
1760 1522 1994 1575 secutus
2018 1516 2147 1593 ipse
2171 1515 2466 1593 antiquior
2487 1532 2619 1574 esse

496 1598 805 1670 videretur,
834 1598 1046 1677 partim
1074 1599 1210 1677 quia
1236 1598 1459 1677 singula
1481 1599 1761 1660 Hellanici
1786 1600 2001 1677 scripta
2023 1599 2309 1660 maturius
2331 1599 2619 1676 divulgata

495 1682 718 1743 fuerint
744 1700 922 1760 quam
953 1702 1104 1762 opus
1136 1684 1442 1765 Hero-doti,
1474 1685 1628 1763 quod
1664 1684 1816 1744 sicut
1843 1701 2027 1744 unum
2056 1691 2148 1743 est
2168 1703 2236 1744 ex
2253 1684 2451 1744 multis
2476 1701 2619 1761 par-

495 1767 653 1827 tibus
694 1775 1000 1837 constans,
1042 1770 1120 1829 ita
1159 1785 1282 1828 non
1313 1776 1543 1846 poterat
1580 1768 1695 1828 nisi
1725 1768 1796 1828 ab
1831 1768 2101 1829 absoluto
2133 1768 2349 1828 artifice
2379 1787 2449 1828 ac
2476 1786 2617 1828 sene

498 1851 739 1911 absolvi.
784 1853 959 1930 Atqui
989 1853 1131 1913 haec
1152 1853 1282 1932 ipsa
1306 1871 1481 1914 causa
1505 1860 1594 1913 est
1616 1871 1719 1913 cur
1734 1853 2095 1913 Hellanicum
2110 1852 2414 1916 Herodoto
2439 1871 2616 1912 usum

497 1955 629 1996 esse
658 1955 838 2015 supra
871 1938 1206 2015 negaverim
1237 1945 1296 1998 et
1315 1956 1505 2016 usque
1527 1938 1858 2016 negandum
1880 1945 2109 2016 putem3
2132 1937 2231 2016 qui
2256 1937 2306 1997 si
2329 1937 2616 1997 Herodoti

493 2021 679 2081 libros
709 2030 1064 2100 usurpasset
1091 2021 1392 2100 nihiloque
1421 2022 1612 2083 secius
1644 2023 1730 2083 sic
1761 2022 2097 2101 scripsisset
2126 2029 2190 2082 ut
2217 2021 2469 2099 scripsit,
2498 2022 2615 2081 mi-

494 2122 631 2164 rum
660 2106 722 2165 in
752 2106 998 2166 modum
1029 2107 1301 2185 stupidus
1330 2106 1557 2167 fuisset.
1617 2107 1823 2167 Potius
1847 2108 2004 2167 dicas
2034 2107 2399 2167 Herodotum
2421 2106 2614 2167 Hella-

493 2189 628 2249 nico
668 2207 846 2251 usum
885 2210 1042 2265 esse,
1085 2209 1439 2270 quamquam
1479 2192 1652 2252 etiam
1691 2192 1828 2252 illud
1867 2209 1993 2251 non
2022 2199 2220 2270 potest
2249 2191 2507 2268 probari,
2547 2198 2617 2251 ut

493 2273 975 2334 verisimillimum
1022 2284 1222 2354 putem
1268 2294 1402 2336 cum
1433 2276 1795 2336 Dahlmanno
1841 2283 1901 2337 et
1928 2276 2172 2337 Baehrio
2220 2276 2282 2335 in
2312 2276 2611 2336 Herodoto

494 2358 620 2418 Vol.
651 2358 745 2433 IV,
775 2378 834 2437 p.
869 2359 989 2419 393
1030 2367 1143 2435 „et
1170 2360 1531 2420 Hellanicum
1571 2367 1628 2421 et
1655 2360 2022 2421 Herodotum
2063 2362 2142 2421 ita
2174 2361 2514 2440 scripsisse,
2545 2368 2615 2420 ut

491 2450 699 2503 neuter
726 2443 962 2504 alterius
996 2444 1212 2524 scripta
1243 2445 1475 2522 cognita
1497 2445 1821 2506 habuerit.“
1869 2445 2042 2518 Quod
2068 2446 2140 2506 ad
2167 2453 2394 2506 ceteros
2417 2444 2613 2505 histo-

491 2528 648 2587 ricos
673 2528 875 2589 attinet
895 2529 1147 2590 vidImus
1162 2530 1559 2609 Thucydidem
1580 2529 1863 2591 Nostrum
1881 2530 2123 2607 dignum
2139 2530 2415 2590 habuisse
2434 2547 2614 2608 quem

492 2611 739 2673 subinde
767 2612 1115 2692 respiceret,
1155 2633 1207 2674 v.
1239 2632 1295 2691 p.
1328 2614 1442 2686 26,
1485 2614 1583 2674 ubi
1613 2615 1770 2692 quod
1802 2615 1941 2675 dicit
1942 2576 2380 2675 ²3Hellanicum
2364 2633 2425 2674 in
2455 2623 2615 2675 tem-

489 2696 739 2774 poribus
778 2699 1167 2776 negligentem
1201 2698 1412 2770 fuisse,
1455 2698 1577 2758 noli
1609 2699 1773 2759 hoc
1756 2716 1819 2758 in
1848 2699 2186 2759 universum
2218 2699 2614 2778 interpretari3

490 2780 749 2860 loquitur
781 2782 1147 2862 Thucydides
1177 2783 1418 2843 nonnisi
1450 2784 1522 2843 de
1553 2776 2123 2866 πεντηκονταετίᾳ.
2182 2783 2613 2861 chronologica

489 2865 613 2926 eius
646 2867 850 2927 merita
881 2870 932 2927 si
954 2868 1110 2928 nulla
1134 2887 1264 2928 esse
1286 2874 1572 2946 putasset,
1596 2868 2052 2947 computationis
2076 2868 2247 2938 illius,
2275 2886 2447 2946 quam
2471 2868 2610 2928 Hel-

487 2948 733 3011 lanicus
747 2951 1176 3024 introduxerat,
1216 2953 1507 3012 rationem
1549 2969 1672 3013 non
1711 2953 2036 3026 habuisset,
2082 2954 2238 3031 quod
2279 2953 2415 3014 fecit
2441 2952 2609 3015 iden-

413 3049 467 3091 53
495 3034 695 3107 tidem,
725 3053 780 3095 v,
805 3055 863 3114 p.
895 3038 996 3097 44.
1056 3036 1255 3115 Neque
1286 3037 1404 3097 veri
1434 3037 1703 3098 absimile
1731 3039 1902 3098 etiam
1935 3038 2142 3098 ceteris
2174 3038 2232 3097 in
2264 3037 2441 3098 rebus
2463 3037 2611 3097 Hel-

487 3119 658 3180 lanici
694 3119 877 3180 libros
920 3121 991 3181 ab
1035 3139 1104 3180 eo
1147 3121 1396 3182 subinde
1435 3123 1797 3182 consultatos
1829 3142 1992 3194 esse,
2029 3122 2181 3182 velut
2208 3122 2608 3183 Dahlmannus

489 3205 573 3283 (p.
608 3204 758 3283 225)
799 3205 1110 3267 arbitratur
1149 3207 1209 3267 in
1247 3206 1579 3266 narratione
1611 3207 1683 3266 de
1714 3207 1928 3286 Cylone
1957 3225 2077 3266 non
2110 3207 2477 3267 Herodotum
2510 3225 2604 3266 re-

487 3289 657 3368 spici,
689 3290 791 3350 sed
823 3290 1122 3352 Nostrum.
1182 3291 1579 3363 Recentiores,
1612 3291 1709 3370 qui
1738 3291 1965 3353 fabulas
1998 3312 2030 3352 a
2064 3290 2401 3370 Thucydide
2431 3308 2608 3369 pror-

489 3391 594 3435 sus
624 3375 864 3435 reiectas
894 3375 1174 3436 historiae
1204 3377 1397 3437 denuo
1430 3375 1820 3450 vindicabant,
1849 3378 2125 3455 Ephorus
2156 3376 2406 3436 maxime
2436 3382 2608 3454 atque

487 3458 943 3538 TheopompuS,
998 3460 1244 3521 multum
1300 3461 1370 3520 de
1413 3460 1707 3521 Hellanico
1759 3461 2137 3541 superciliose
2186 3460 2605 3521 iudicaverunt.

487 3542 813 3604 Inscienter
851 3563 986 3605 eum
1008 3545 1234 3607 'fabulis
1276 3564 1455 3605 usum
1499 3564 1631 3605 esse
1669 3545 2033 3619 dictitabant3
2076 3544 2292 3606 scilicet
2319 3544 2411 3604 illa
2443 3552 2604 3605 aetas

487 3627 888 3707 sophistarum
913 3636 1087 3708 atque
1107 3631 1410 3692 rhetorum
1437 3630 1740 3708 disciplina
1762 3649 1964 3691 recens
1987 3630 2212 3690 imbuta
2233 3636 2359 3690 erat
2379 3630 2605 3690 varias-

488 3731 601 3792 que
639 3713 1291 3793 interpretamentorum
1332 3715 1589 3793 argutias
1628 3715 1935 3792 poscebat,
1982 3715 2130 3775 civili
2169 3714 2478 3793 prudentia
2509 3713 2603 3774 di-

483 3798 769 3877 cendique
798 3800 1042 3860 floribus
1075 3808 1336 3870 ornataS,
1381 3817 1520 3877 prae
1550 3798 1761 3877 quibus
1793 3801 2050 3861 incomta
2080 3799 2173 3859 illa
2200 3798 2603 3878 logographo-

484 3900 618 3944 rum
649 3884 987 3962 simplicitas
1022 3885 1521 3945 contemnebatur.
1579 3884 1812 3945 Induxit
1840 3885 2270 3963 superbientem
2295 3884 2447 3944 illam
2473 3901 2602 3943 ma-

485 3967 848 4029 ledicentiam
887 3969 1308 4071 Theopompus
1349 3968 1559 4042 Chius,
1607 3988 1809 4070 quemm
1822 3970 2031 4031 Strabo
2072 3970 2116 4041 Ι,
2158 3989 2215 4048 p.
2247 3967 2371 4029 430
2403 3975 2604 4028 narrat

486 4052 822 4129 professum
854 4072 987 4114 esse
1017 4045 1126 4114 ὅτι
1166 4048 1281 4115 καὶ
1310 4048 1571 4132 μύθους
1597 4048 1666 4115 ἐν
1691 4053 1841 4128 ταῖς
1870 4047 2196 4137 ἱστορίαις
2223 4047 2360 4136 ἐρεῖ
2385 4053 2602 4136 κρεῖτ-
