2867 4717
844 442 1320 511 grammaticae
1356 441 1795 513 Byzantinae.
2291 441 2360 496 73

236 602 630 664 servationem
660 599 989 678 dispositis.
1050 597 1167 661 Sed
1200 599 1273 660 de
1303 598 1396 659 his
1420 598 1708 660 videbitur
1729 616 1888 659 mox.
1947 597 2115 659 Nunc
2137 597 2366 675 augebo·

233 687 572 749 varietatem
623 685 872 748 Bekkeri
922 683 1138 745 Anecd.
1191 703 1249 764 p.
1309 684 1570 745 1127-
1598 683 1779 745 1136.
1868 682 1935 742 In
1989 682 2364 759 grammatica

234 790 288 851 p.
312 770 469 843 629,
504 770 584 830 22
610 787 814 849 apogr.
839 769 1049 830 Hamb.
1073 765 1254 830 habet
1275 767 1691 852 καταριπτεῖ.
1753 767 1897 841 630,
1931 766 2011 827 27
2034 760 2226 849 μέχρι
2245 763 2365 828 τοῦ

235 858 284 917 ὦ
332 848 645 935 μεγάλου.
747 853 829 915 30
885 845 1095 932 ι’ίχεαι.
1194 852 1348 928 631,
1414 854 1454 914 4
1508 857 1542 914 ἓ
1591 847 1799 935 ψιλὸν
1849 847 1966 912 καὶ
2018 857 2056 913 ὸ
2105 844 2361 934 μικρόν.

235 940 375 1017 632,
424 940 514 999 24
557 941 714 1012 πᾶς,
760 956 883 999 non
926 931 1075 1020 κάρ.
1165 937 1239 999 31
1289 938 1361 998 H.
1391 945 1460 998 ut
1486 939 1552 999 F.
1642 936 1787 1011 633,
1830 937 1899 997 21
1950 936 2021 997 H.
2053 942 2118 996 ut
2147 935 2213 997 F.
2282 936 2362 997 27

236 1016 388 1103 ἔχει.
439 1022 590 1096 634,
624 1024 662 1084 6
692 1024 761 1086 Η.
794 1014 983 1107 omn}
1032 1016 1153 1102 γὰρ
1183 1057 1267 1068 -
1294 1013 1773 1105 ὑποβέβληται.
1834 1020 1909 1082 18
1954 1016 2193 1096 ἵππος,
2239 1036 2365 1080 non

235 1106 506 1181 ἵπποις.
596 1108 752 1181 635,
818 1108 892 1169 10
938 1103 1260 1189 καθαρῶν
1303 1114 1362 1168 et
1405 1107 1615 1168 deinde
1658 1096 1967 1180 καλλίων,
2023 1098 2363 1185 κρείσσων,

238 1185 270 1256 ὅ
314 1186 414 1267 εἰς
461 1194 614 1270 ἱῐῶῖε,
662 1179 803 1254 οἷον
842 1186 1079 1276 ἥσσων.
1169 1193 1250 1253 24
1297 1183 1783 1275 Φιλιππείδης.
1872 1190 2015 1266 636,
2068 1190 2144 1251 16
2189 1190 2261 1250 H.
2300 1197 2367 1250 ut

235 1279 296 1339 F.
385 1278 475 1341 32
519 1280 592 1340 H.
636 1298 755 1339 om.
812 1271 1178 1356 Τισαμενὸς
1219 1271 1354 1337 καὶ.
1447 1277 1590 1352 637,
1639 1276 1719 1337 22
1767 1268 1998 1338 ἶὸικόν.
2090 1273 2233 1348 638,
2284 1274 2363 1335 19

235 1357 346 1424 καὶ
388 1356 638 1443 τρίτον.
728 1361 871 1437 639,
922 1362 999 1421 14
1044 1362 1119 1422 a]
1162 1379 1275 1440 pro
1322 1361 1383 1444 ᾇ.
1473 1362 1617 1439 640,
1666 1360 1742 1422 31
1790 1380 1908 1421 om.
1941 1354 2016 1420 δὲ
2051 1366 2185 1421 ante
2225 1352 2361 1438 ἐμέ.
2390 1379 2416 1418 e

241 1448 376 1522 642,
413 1450 497 1510 15
528 1448 600 1509 H.
630 1455 696 1510 ut
723 1447 789 1508 F.
854 1447 931 1507 16
963 1445 1033 1506 H.
1064 1453 1130 1508 ut
1158 1447 1222 1508 F.
1283 1445 1363 1507 30
1406 1440 1526 1530 τήν
1567 1442 1687 1525 μέν
1728 1440 1853 1527 γὰρ
1898 1436 2163 1528 φράσιν.

1246 1649 1373 1723 ξ2.

270 1785 353 1838 De
389 1786 864 1854 antiquissimis
900 1783 1367 1851 prolegomenis
1403 1786 1868 1849 grammaticae,
1904 1800 1935 1835 a
1974 1783 2326 1837 Theodosio

824 1870 925 1922 vel
962 1869 1402 1921 Choerobosco
1439 1870 1785 1934 conceptis.

404 1974 653 2053 Legitur
702 1974 856 2053 apud
900 1973 1231 2034 Bekkerum
1271 1972 1488 2032 Anecd.
1535 1990 1591 2049 p.
1639 1970 1764 2031 674
1805 1989 1894 2050 sq.
1948 1969 2364 2048 compendium

245 2058 545 2120 doctrinae
583 2052 741 2138 περὶ
786 2054 1212 2139 προσῳδιῶν,
1261 2056 1419 2136 quod
1451 2056 1512 2117 in
1540 2055 1647 2116 Ms.
1680 2054 1828 2134 Hbg.
1871 2061 2030 2116 ante
2068 2072 2362 2133 gramma-

243 2143 414 2203 ticam
447 2142 713 2223 positum
743 2149 858 2214 est,
899 2142 1072 2221 idque
1103 2141 1216 2214 sic,
1262 2149 1330 2202 ut
1367 2148 1621 2201 extrema
1659 2139 1834 2201 verba
1875 2134 2083 2212 οὕτως
2124 2133 2240 2200 καὶ
2280 2133 2365 2198 τὰ

249 2219 456 2305 ὃμοια
499 2226 857 2305 excipiantur
886 2226 1075 2299 hisce,
1112 2245 1261 2305 quae
1292 2225 1492 2286 omisit
1516 2224 1843 2298 Bekkerus‚
1875 2243 1946 2285 ex
1975 2223 2173 2284 minus
2202 2223 2362 2284 bono

247 2312 448 2373 codice
478 2312 662 2373 edidit
692 2310 908 2371 villois.
940 2311 1156 2371 Anecd.
1186 2310 1259 2383 11,
1294 2330 1351 2390 p.
1385 2309 1494 2370 99:

422 2388 628 2479 Τέχνη
653 2389 793 2457 ἐστὶ
818 2389 1120 2479 σύστημα
1141 2386 1655 2477 ἑγκαταλήψεων
1683 2386 2288 2473 ἐγγεγυμνασμένων
2305 2392 2362 2466 3)

247 2472 417 2562 πρός
461 2499 532 2540 τι
574 2474 763 2554 τέλος
806 2470 1156 2561 εῧχρηστον
1197 2475 1328 2539 τῶν
1370 2474 1439 2539 ἒν
1481 2474 1579 2558 τῷ
1621 2469 1772 2559 βίῳ.
1836 2472 1970 2537 τῶν
2015 2472 2089 2538 δέ
2132 2472 2369 2554 τεχνῶν

250 2558 579 2649 διαφοραί
622 2556 756 2626 εἶσι
802 2558 950 2625 δύο·
999 2555 1070 2623 αὶ
1112 2557 1232 2642 μὲν
1274 2557 1396 2644 γάρ
1444 2554 1578 2623 εἶσι
1621 2553 1906 2642 λογικαί,
1958 2553 2029 2621 αἱ
2074 2557 2149 2622 δέ
2191 2579 2367 2644 πρα-

247 2639 491 2710 κτικαί.
560 2642 674 2709 καὶ
718 2644 979 2728 λογικαὶ
1020 2642 1138 2726 μέν
1181 2640 1350 2709 εἰσιν
1379 2634 1521 2708 οἷον
1551 2640 1992 2728 γραμματική,
2027 2637 2363 2728 ῥητορική,

248 2725 647 2817 φιλοσοφία·
694 2728 1062 2813 πρακτικαὶ
1109 2727 1184 2793 δὲ
1227 2719 1370 2793 οἷον
1411 2724 1775 2812 τεκτονική,
1817 2724 2207 2809 χαλκευτικὴ
2250 2723 2368 2789 καὶ

250 2810 317 2878 αὶ
355 2810 630 2891 τούτοις
673 2811 1170 2898 παραπλήσιαι.
1522 2820 1528 2824 ’

421 2902 640 2963 Deinde
671 2902 936 2980 sequitur
958 2902 1084 2979 ipsa
1108 2899 1504 2979 grammatica.
1551 2898 1664 2959 Sed
1690 2899 1782 2960 his
1807 2898 2040 2959 duobus
2065 2896 2369 2976 capitibus,

254 2986 603 3064 compendio
647 2987 745 3047 illo
792 2993 1136 3047 accentuum
1179 2992 1236 3045 et
1262 2985 1371 3045 hac
1397 2982 1652 3045 formula
1684 2982 2043 3044 definitionis
2073 2988 2245 3061 atque
2277 2982 2367 3041 di-

250 3070 515 3143 visioniS‚
547 3070 977 3149 antiquissima,
1020 3070 1068 3130 si
1101 3070 1240 3148 quid
1271 3069 1466 3143 video,
1511 3068 1927 3147 prolegomena
1958 3066 2368 3145 grammaticae

252 3155 644 3216 continentur.
706 3156 876 3216 Certe
906 3162 1139 3215 constat
1177 3155 1248 3214 de
1277 3154 1657 3232 compendio,
1705 3154 1860 3231 quod
1893 3159 2052 3212 ante
2075 3167 2368 3227 gramma—

252 3239 425 3300 ticam
482 3239 743 3320 positum
795 3259 926 3300 esse
969 3240 1040 3299 ab
1082 3238 1421 3299 Theodosio
1464 3237 1551 3297 vel
1590 3236 2035 3310 Choerobosco‚
2075 3234 2206 3312 quia
2240 3234 2369 3312 ipsa

253 3324 627 3400 grammatica
657 3325 800 3385 nihil
830 3325 902 3384 de
929 3324 1265 3384 accentibus
1297 3323 1623 3394 docuisset,
1655 3322 1868 3383 diserte
1896 3319 2143 3381 traditur
2173 3317 2244 3380 ab
2274 3319 2369 3379 in-

253 3408 605 3488 terpretibus
644 3408 1092 3488 posterioribus
1165 3407 1264 3468 Sic
1291 3406 1658 3486 Porphyrius
1703 3406 1800 3484 qui
1831 3405 2003 3483 vulgo
2036 3403 2247 3464 dicitur
2275 3422 2367 3481 ap.

254 3491 431 3553 Bekk.
483 3513 541 3573 p.
597 3494 749 3567 676,
805 3492 842 3553 3
898 3485 1116 3555 ἰστέον
1163 3484 1380 3553 τοίνυν
1433 3483 1524 3564 ὥς
1569 3482 1605 3552 ὁ
1658 3485 1843 3575 Θρᾲξ
1884 3482 2270 3561 Διονύσιος,
2330 3477 2367 3546 ὁ

258 3572 409 3658 περὶ
459 3578 591 3638 τῶν
647 3569 819 3639 ὀκτώ
874 3574 1087 3660 μερῶν
1136 3573 1254 3638 τοῦ
1307 3570 1503 3656 λόγου
1559 3568 1839 3650 διδάξας
1889 3567 2063 3658 ἡμᾶς
2106 3568 2221 3634 καὶ
2266 3563 2368 3632 ἔτι

258 3658 386 3745 πρὸ
427 3658 677 3724 τούτων
720 3657 877 3747 περὶ
920 3652 1243 3739 στοιχείου
1286 3656 1401 3747 καὶ
1447 3656 1772 3743 συλλαβῆς
1800 3654 1914 3720 καὶ
1943 3652 2195 3734 λέξεως,
2231 3646 2368 3716 οὐκ

550 3799 651 3806 ἃ...

389 3862 439 3926 3)
480 3863 562 3914 Al.
587 3862 648 3915 ἐκ
670 3858 1034 3929 καταλήψεων
1055 3860 1322 3932 ἐμπειρίᾳ
1346 3860 1898 3930 ἐγγεγυμνασμένων.
1947 3860 2042 3910 Est
2063 3861 2187 3909 haec
2209 3856 2366 3906 finitio

262 3928 556 3981 Stoicorum.
606 3932 817 3994 Legitur
849 3934 897 3981 in
935 3932 1070 3980 codd.
1098 3932 1242 3981 modo
1276 3929 1336 3980 ἐκ
1367 3931 1553 3980 καταλ.
1591 3931 1735 3979 modo
1769 3927 2019 3996 ἐγκαταλ.
2076 3923 2276 3988 [Scribe
2312 3922 2371 3975 ἐκ

261 3994 639 4065 καταλήψεων.
687 4000 989 4049 Finitionem
1015 3999 1088 4048 sic
1112 3998 1365 4049 convertit
1388 3998 1598 4062 Quintil.
1623 3997 1692 4060 11,
1723 3997 1808 4061 18,
1833 3997 1924 4045 41;
1950 4002 2110 4044 artem
2137 3998 2371 4042 constare

263 4078 323 4113 ex
346 4067 749 4133 perceptionibus
776 4067 1202 4117 consentientibus
1228 4073 1283 4116 et
1307 4067 1665 4117 coexercitatis
1689 4065 1751 4114 ad
1777 4064 1926 4114 finem
1949 4063 2084 4114 vitae
2106 4061 2313 4123 utileml.
