2867 4717
376 1915 428 1954 20

468 394 572 448 106
1190 394 1282 446 De
1336 394 1774 462 Praxiphanc

504 578 507 583 ·
631 551 676 610 Ι.
734 548 1062 612 Philodem.
1095 543 1256 632 περὶ
1294 544 1699 646 ποιημάτων
1735 567 1792 628 p.
1830 548 1905 610 13
1935 550 2025 610 cd.
2055 548 2344 622 Duebner‚
2374 548 2587 613 carmi-

462 652 606 696 num
635 634 868 695 laudem
897 634 1044 695 etin
1072 652 1353 695 sermone
1380 641 1439 695 et
1467 635 1530 696 in
1557 634 1734 695 rebus
1760 635 1917 695 cerni
1939 635 2321 707 contendenS,
2342 633 2429 695 sic
2450 652 2593 712 per-

329 730 335 736 ·
464 720 573 866 git.
612 711 1048 820 Πραξιφάνης
1100 711 1354 819 δ’δἰτρα
1404 713 1526 821 μέν
1581 738 1732 780 τινα
1775 712 1953 819 λέγει
1997 713 2157 821 περὶ
2197 715 2314 801 ,τῆς
2341 709 2591 820 ἀρετῆς

582 799 681 907 τῷ
733 797 980 903 πρώτῳ
1035 799 1193 905 περὶ
1230 797 1673 905 ποιημάτων·
1727 796 1886 863 ἒνδ
1846 797 1921 863 δὲ
1975 794 2191 864 ἐνίοτε
2241 796 2360 865 καὶ
2398 822 2594 905 ,πρα-

464 881 729 969 γματων
770 879 973 949 {in-cor
1013 882 1132 948 καὶ
1171 881 1409 961 λέξεως
1450 881 1635 948 κενὸν
1679 875 1850 947 εἶναι
1895 877 2129 982 ἀρετῆς
2171 882 2250 948 τὸ
2290 880 2590 968 γράμμαε

465 972 564 1052 qui
596 972 767 1033 iocus
799 972 885 1032 sic
912 971 1204 1049 allegatur,
1235 978 1301 1032 ut
1329 971 1571 1033 dubium
1594 970 1673 1032 sit
1694 970 2040 1032 Philodemo
2071 971 2185 1047 ipsi
2216 979 2412 1033 utrum
2444 988 2594 1048 pro-

462 1057 634 1118 betur
677 1056 818 1116 haec
846 1055 1134 1116 sententia
1163 1072 1236 1116 an
1263 1056 1649 1136 improbetur.
1713 1055 2082 1134 Quamquam
2110 1062 2267 1116 recte
2293 1055 2596 1117 iudicasse

462 1140 915 1218 Praxiphanem,
954 1139 1114 1218 quod
1156 1158 1351 1201 veram
1386 1139 1618 1211 laudem
1661 1139 1936 1201 carminis
1976 1156 2101 1200 non
2131 1139 2273 1200 solis
2303 1138 2498 1200 verbis
2532 1146 2595 1199 et

460 1224 636 1286 rebus
685 1224 982 1285 aestimari
1030 1231 1334 1303 posuerat,
1376 1225 1532 1285 haud
1571 1223 1739 1285 facile
1768 1223 2079 1301 quisquam
2109 1223 2427 1301 negaverit3
2463 1223 2590 1285 imo

461 1309 687 1388 egregia
735 1309 1020 1369 sententia
1070 1316 1188 1379 est,
1228 1309 1277 1368 si
1332 1308 1634 1369 addiderat
1682 1308 1841 1387 quod
1886 1307 2155 1369 credibile
2194 1315 2287 1368 est
2323 1307 2592 1369 additum

458 1395 672 1466 fuisse,
710 1393 913 1453 altiore
953 1399 1162 1471 poetae
1203 1392 1410 1471 spiritu
1453 1411 1603 1472 opus
1644 1411 1801 1463 esse,
1844 1410 1960 1470 quo
2004 1410 2098 1452 res
2130 1398 2187 1452 et
2214 1391 2388 1452 verba
2416 1392 2592 1453 veluti

464 1485 677 1557 sponte
715 1478 1100 1538 funderentur
1137 1484 1311 1556 atque
1349 1478 1555 1539 altiore
1594 1478 1848 1556 quadam
1890 1476 2163 1553 dignitate
2193 1494 2260 1536 ac
2287 1483 2591 1537 venustate

462 1563 881 1624 imbuerentur.
939 1562 1138 1639 Neque
1174 1562 1327 1622 aliud
1375 1562 1493 1635 ille,
1534 1581 1708 1640 quem
1749 1561 1820 1621 de
1849 1561 2039 1639 poetis
2071 1560 2467 1639 disputantem
2495 1561 2590 1620 fe-

464 1654 646 1720 cerat,
688 1645 851 1706 Plato
893 1646 1279 1724 praeceperit,
1322 1664 1514 1725 neque
1545 1645 1840 1725 praecepit
1868 1644 2142 1706 Horatius
2173 1645 2235 1705 in
2265 1645 2409 1705 boc:
2453 1645 2590 1704 Non

464 1731 607 1792 satis
650 1737 740 1790 est
779 1730 1020 1808 pulchra
1056 1749 1189 1790 ease
1231 1738 1530 1809 poemata,
1571 1730 1756 1791 dulcia
1799 1737 2005 1799 sunto,
2050 1729 2124 1790 ad
2154 1747 2327 1808 quem
2353 1747 2589 1789 versum

464 1814 905 1875 Commentator
926 1814 1294 1916 Cruquianus
1311 1816 1455 1876 haec
1477 1816 1791 1884 adnotat·,
1798 1814 1980 1886 ,Sunt
1997 1814 2283 1891 quaedam
2299 1820 2588 1892 poemata,

463 1918 610 1978 quae
639 1898 855 1959 habent
885 1889 1266 1977 οἰκονομίαν
1295 1906 1352 1960 et
1380 1899 1598 1960 diserta
1628 1899 1995 1978 probataque
2024 1897 2227 1967 verba,
2271 1897 2376 1958 sed
2406 1897 2586 1957 inter

461 1985 602 2044 dum
635 1992 833 2044 carent
859 2002 924 2042 ea
954 1990 1254 2044 venustate
1284 1992 1342 2045 et
1370 1984 1673 2045 dulcedine
1704 1983 1914 2063 quibus
1946 2000 2099 2108 opus
2128 1988 2219 2043 est
2240 1983 2314 2043 ad
2338 1999 2588 2043 moven-

461 2068 601 2129 dum
633 2067 984 2145 spectatoris
1016 2068 1320 2129 ιιιιὶιιιιιιιι.ι

629 2151 700 2211 ll.
755 2151 1068 2211 Marcellin.
1100 2153 1163 2211 V.
1189 2152 1452 2230 Thucyd.
1488 2156 1524 2224 ξ
1557 2151 1638 2211 29
1664 2170 1726 2252 p.
1762 2151 1884 2212 325
1909 2105 2139 2231 Poppo.
2177 2142 2587 2250 συνεχρόνισε

463 2229 537 2296 δὲ
567 2235 1007 2337 (Thucydides),
1038 2227 1129 2309 ὥς
1158 2254 1329 2337 φησι
1357 2230 1792 2338 Πραξιφανης
1835 2229 1902 2296 ἒν
1943 2232 2041 2316 τῷ
2085 2228 2239 2315 περὶ
2268 2224 2587 2310 ιστορίας,

457 2313 774 2380 Πλάτωνι
787 2315 914 2422 τῷ
956 2339 1250 2422 κωμικῳ,
1296 2311 1640 2422 ,Ἀγάθωνι
1681 2338 1992 2421 τραγικῳ,
2035 2311 2394 2420 Νικηράτῳ
2425 2311 2585 2378 ἐπο-

459 2401 654 2507 ποιῷ
687 2424 806 2465 και
846 2400 1175 2508 Χοιρίλῳ
1207 2398 1324 2466 καὶ
1378 2397 1900 2506 Μελανιππίδῃ,
1955 2424 2071 2464 και
2115 2397 2269 2465 ἐπεὶ
2310 2395 2429 2478 μὲν
2473 2392 2585 2482 ἔζη

460 2484 811 2591 Λρχέλαος
854 2479 1091 2563 ἄδοξος
1113 2478 1211 2586 ἦν
1255 2509 1348 2561 ως
1390 2482 1513 2551 ἐπὶ
1555 2466 1894 2564 πλεῖστον,
1951 2481 2039 2562 ὡς
2084 2479 2121 2549 ὃ
2164 2478 2362 2559 αὐτὸς
2400 2487 2588 2568 Πρα-

463 2566 744 2675 ξιφάνς
799 2568 1028 2668 οὸηλοῒ,
1082 2564 1352 2653 ὕστερον
1416 2569 1492 2634 δὲ
1552 2534 1911 2651 δαιμονίως
1964 2565 2390 2654 ἐθαυμάσθη.
2466 2572 2585 2633 Ρι·ο

461 2593 810 2739 Χοιρίῖῳ
794 2674 855 2717 ιιι
886 2656 1021 2717 libb.
1055 2664 1176 2719 erat
1203 2650 1563 2740 Χοιριὸίῳ.
1611 2657 2001 2735 Cogitandum
2032 2657 2103 2717 de
2125 2655 2395 2716 Choerilo
2420 2654 2584 2734 epico

464 2748 521 2801 et
569 2741 955 2820 Melanippide
1004 2742 1216 2814 altero,
1263 2742 1671 2821 Melanippidis
1726 2741 1943 2821 prioris
1990 2748 2236 2820 nepote,
2289 2760 2340 2800 v.
2391 2739 2585 2800 Naeke

461 2823 710 2885 Choerili
751 2825 933 2885 Samii
963 2844 1019 2904 q.
1054 2844 1281 2905 supere.
1326 2826 1512 2906 (Lips.
1551 2826 1736 2901 1817)
1776 2845 1833 2904 p.
1880 2826 1959 2888 30
2001 2844 2118 2904 sq„
2157 2827 2258 2904 qui
2295 2824 2470 2887 simul
2512 2824 2582 2887 de

460 2908 731 2969 Nicerato
763 2909 1038 2987 disputat,
1071 2911 1397 2971 secundum
1427 2911 1667 2972 Aristot.
1692 2911 1932 2973 Rhetor.
1962 2909 2058 2982 111,
2096 2912 2167 2970 11
2206 2916 2267 2970 et
2288 2909 2579 2971 Plutarch.

460 2992 556 3053 vit.
587 2993 872 3072 Lysandri
913 3011 962 3053 c.
1012 2992 1107 3054 18.
1166 2995 1250 3055 De
1278 2994 1522 3056 Platone
1562 2995 1789 3056 comico
1833 3015 1883 3055 v.
1918 2994 2179 3055 Meineke
2209 2994 2425 3055 Hister.
2457 2993 2580 3054 crit.

461 3077 680 3138 Comic.
713 3077 813 3138 Gr.
845 3097 903 3156 p.
941 3077 1059 3138 160
1092 3096 1179 3156 sq.
1248 3103 1256 3107 ’

628 3163 711 3223 De
741 3161 1020 3223 Archelao
1059 3162 1556 3225 turbas'fecerunt
1586 3164 1846 3224 Visconti
1872 3165 2144 3240 Iconogr.
2176 3163 2274 3223 Gr.
2304 3161 2347 3235 1,
2372 3180 2429 3240 p.
2456 3160 2577 3220 230
2701 3132 2714 3139 ⁴

464 3251 559 3325 (p.
603 3246 726 3308 320
758 3247 847 3307 ed.
888 3247 1113 3324 Milan.)
1158 3255 1218 3309 et
1247 3266 1378 3309 cum
1409 3248 1564 3321 aliia,
1604 3267 1754 3327 quos
1788 3249 1952 3319 citat,
1993 3247 2340 3308 Ritschelius
2369 3246 2442 3307 de
2467 3246 2582 3306 vita

459 3331 784 3407 Agathonis
816 3332 1244 3411 principium),
1274 3333 1376 3410 qui
1406 3332 1665 3395 Archelai
1695 3350 1916 3393 nomen
1946 3332 2032 3392 vel
2061 3332 2375 3393 delendum
2399 3331 2487 3390 vel
2510 3330 2582 3390 ad

459 3415 884 3494 philosophum
923 3416 1296 3477 referendum
1338 3424 1569 3494 putant,
1609 3436 1759 3495 quos
1799 3418 2195 3478 refutaverunt
2237 3416 2338 3495 qui
2368 3416 2441 3475 de
2468 3414 2581 3476 vita

460 3499 818 3579 Thucydidis
841 3500 1218 3578 scripserunt,
1229 3501 1551 3563 Bredovius
1571 3520 1628 3580 p.
1650 3503 1717 3562 11
1729 3503 2154 3580 wKruegerusp
2172 3500 2270 3574 62,
2283 3498 2577 3559 Goellerus

459 3604 518 3664 p.
538 3584 637 3645 66.
660 3585 850 3645 Etiam
871 3585 1016 3645 mibi
1032 3604 1227 3645 omma
1248 3604 1390 3646 sana
1408 3605 1539 3646 esse
1552 3586 1839 3648 videntur.
1864 3588 1991 3646 Hoc
2008 3585 2577 3663 dicitPraxiphanes:

460 3668 833 3748 Thucydides
861 3670 1115 3747 aequalis
1146 3678 1269 3731 erat
1294 3670 1551 3743 Platoni,
1590 3671 1908 3748 Agathoni‚
1947 3671 2243 3741 Nicerato,
2289 3668 2575 3740 Choerilo,

456 3754 854 3833 Melanippidi‚
899 3754 996 3832 qui
1034 3755 1092 3815 in
1133 3754 1259 3815 aula
1266 3755 1551 3816 Archelai
1589 3755 1745 3832 regis
1783 3755 2078 3828 vixerunt,
2122 3755 2220 3833 qui
2251 3773 2353 3814 rex
2383 3747 2576 3836 φιλό

595 3888 863 3951 29)Riots
866 3889 1315 3940 beliieusetamd
1360 3891 1674 3956 Prinaprae
1718 3891 1935 3953 dubitat,
1978 3891 2557 3940 nuumhiuistestmoni

461 3964 680 4074 zpdgtgri
663 3957 795 4007 idem
818 3972 862 4006 si
846 3957 887 4006 it
909 3973 1017 4007 cum
1043 3958 1285 4024 discipulo
1311 3957 1675 4024 Theophrasti,
1703 3959 1751 4009 id
1776 3974 1872 4024 quo
1843 3960 1908 4009 od
1930 3959 2102 4008 mihin
2072 3974 2166 4008 nue
2135 3959 2207 4007 uit
2194 3971 2353 4021 :quam
2378 3956 2529 4006 dubiu
2498 3972 2577 4006 um
