2867 4717
444 416 549 469 362
1361 418 1647 474 Studien

517 626 574 686 2.
642 625 989 705 Nachtrag
1033 644 1115 686 zu
1160 627 1294 687 den
1340 627 1844 706 Sammlungen
1889 628 2010 688 der
2054 627 2492 707 orphischen

1283 714 1726 791 Fragmente.

611 830 677 889 A.
702 828 812 889 Mai
835 828 957 906 gibt
977 828 1057 888 im
1084 828 1141 890 8.
1165 830 1364 891 Bande
1386 831 1489 891 des
1513 829 1891 909 Spicilegium
1913 832 2246 892 Romanum
2268 849 2327 891 u.
2350 850 2400 891 a.
2425 836 2564 908 8τό-

442 916 601 975 [sere
639 916 907 992 Auszfige
955 931 1061 974 aus
1111 917 1301 976 einum
1343 915 1753 976 Commentare
1804 917 1907 976 des
1949 915 2198 976 Proklos
2242 933 2316 976 zu
2362 915 2564 975 Platos

442 998 588 1077 Rep.
616 998 715 1058 lib.
738 999 811 1070 X,
843 1016 949 1058 aus
984 998 1263 1060 welchem
1295 1018 1358 1059 er
1390 1000 1576 1059 sehon
1608 1001 1668 1060 in
1699 1001 1813 1061 den
1842 1000 2036 1061 Noten
2067 1020 2141 1060 zu
2171 1000 2406 1060 Ciceros
2435 1000 2564 1060 Re-

440 1083 644 1162 publik
666 1083 900 1159 Einiges
922 1083 1267 1159 mitgetheilt
1286 1084 1462 1144 hatte.
1524 1085 1698 1144 Darin
1723 1086 1922 1145 finden
1944 1085 2071 1145 sich
2093 1084 2359 1145 mehrere
2376 1084 2563 1162 Frag-

336 1185 415 1224 390
443 1174 639 1228 mente
667 1184 775 1227 aus
808 1168 1166 1245 orphischen
1199 1167 1515 1249 Gedichten
1547 1169 1693 1229 fiber
1722 1170 1815 1229 die
1846 1170 2434 1245 Seelenwanderung‚
2467 1169 2565 1229 die

443 1252 642 1312 bisher
681 1251 843 1311 nicht
880 1251 1138 1313 bekannt
1177 1270 1444 1329 gewesen
1483 1253 1602 1313 und
1645 1272 1718 1313 zu
1760 1254 2026 1314 Lohecks
2070 1252 2324 1331 Orphica
2362 1253 2458 1312 lib.
2488 1253 2563 1323 ΙΙ,

444 1355 571 1415 cap.
604 1335 641 1395 3
690 1336 1077 1396 interessante
1116 1338 1375 1416 Beitrfige
1427 1338 1736 1398 euthalten.
1818 1337 2087 1416 Zugleich
2139 1338 2271 1399 sind
2323 1339 2409 1397 sie
2454 1355 2561 1414 ge-

445 1420 786 1481 schichtlich
818 1421 1076 1499 wichtig‚
1119 1423 1188 1483 da
1220 1422 1305 1482 sie
1338 1440 1455 1481 von
1485 1422 1633 1482 allen
1663 1423 1753 1482 bis
1788 1423 1931 1501 jetzt
1968 1423 2296 1484 bekannten
2327 1421 2562 1494 stenen,

442 1524 531 1564 wo
554 1505 723 1584 jener
753 1505 969 1565 Glaube
998 1507 1473 1585 ausgesprochen
1505 1507 1649 1567 wird
1667 1552 1680 1577 ,
1723 1507 1877 1567 wohl
1906 1526 2000 1566 am
2044 1506 2562 1567 entschiedensten

442 1590 566 1650 sich
609 1590 978 1649 ausdrfioken
1018 1591 1140 1649 und
1180 1610 1272 1650 am
1314 1591 1563 1650 meisten
1601 1592 1692 1651 ins
1736 1591 2006 1651 Einzelne
2046 1592 2215 1668 gehn.
2292 1590 2419 1649 Wie
2456 1608 2560 1666 ge-

443 1673 731 1733 wfihnlich
772 1674 1086 1752 behauptet
1124 1675 1401 1744 Proklos‚
1444 1676 1574 1735 dass
1616 1676 1779 1736 Plato
1822 1677 1985 1736 seine
2024 1676 2216 1735 Bilder
2252 1675 2376 1735 und
2407 1675 2558 1733 Vor-

441 1758 770 1859 stellungen
802 1777 935 1818 vom
943 1758 1241 1859 Orpheus
1283 1759 1545 1819 entlehnt
1582 1759 1748 1819 habe.
1812 1760 1892 1819 So
1936 1779 1993 1837 p.
2029 1760 2151 1819 696
2191 1754 2399 1819 ταῦτα
2440 1752 2560 1816 καὶ

439 1843 557 1946 τῆς
578 1833 895 1943 Ὀρφικῆς
923 1834 1098 1945 ἡμᾶς
1127 1838 1726 1946 έκδιδασκούσης..
1756 1846 2073 1943 .θνητῶν
2100 1837 2343 1903 τούτων
2360 1836 2561 1944 ζῴων

440 1923 662 2007 λέγει.
698 1973 712 1986 .
761 1921 871 1988 ὅτι
925 1923 1078 2000 τοὺς
1130 1920 1318 2028 βίους
1374 1920 1767 2028 ἀμείβουσιν
1822 1920 1894 1988 αὶ
1928 1922 2160 2028 ψυχαὶ
2211 1922 2381 1986 κατὰ
2435 1920 2559 2004 μέν

438 2031 624 2085 τινας
667 2005 1029 2112 περιόδους
1066 2007 1181 2072 καὶ
1227 2006 1604 2073 εἰσδύονται
1648 2004 1846 2073 ἄλλαι
1888 2005 1986 2085 εἰς
2030 2004 2197 2071 α’λλα
2242 2004 2533 2088 σώματα.

611 2090 940 2168 πολλάκις
987 2088 1364 2196 ανθρώπων
1408 2093 1527 2157 καὶ
1570 2088 1744 2169 υιέες
1788 2091 1854 2157 έν
1896 2090 2284 2198 μεγάροισιν

611 2170 926 2281 εύκοσμοί
968 2172 1030 2238 τ’
1077 2172 1309 2255 ἄλοχοι
1353 2176 1468 2240 καὶ
1511 2175 1785 2281 μητέρες
1826 2173 1948 2262 η’δὲ
1989 2176 2317 2259 θύγατρες

610 2255 902 2341 γίνονται
945 2254 1264 2364 αλλήλων
1283 2263 1887 2366 μεταμειβομένησι
1934 2260 2296 2365 γενέθλαις.

439 2367 505 2407 εν
557 2342 679 2448 γὰρ
732 2342 995 2420 τούτοις
1049 2344 1169 2431 τήν
1222 2340 1344 2408 απ’
1402 2301 1845 2451 ανθρωπίνων
1909 2343 2230 2447 σωμάτων
2296 2338 2391 2418 εἷς
2442 2365 2555 2404 αν-

437 2425 759 2532 θρώπινα
803 2424 1193 2533 μετοίκησιν
1248 2425 1460 2493 αὐτῶν
1515 2426 2000 2536 παραδίδωσιν.
2040 2469 2119 2475 *-
2159 2421 2388 2491 ε’πειθ>
2448 2421 2553 2489 ὅτι

440 2511 557 2575 καὶ
602 2507 697 2586 εἷς
740 2511 824 2575 τοὶ
870 2507 1035 2576 ἄλλα
1040 2512 1201 2612 ζῷα
1244 2511 1610 2620 μετάβασίς
1653 2513 1799 2579 ἐστι
1841 2515 1972 2577 τῶν
1999 2513 2228 2615 ψυχῶν
2269 2512 2397 2574 τῶν
2441 2534 2555 2573 αν-

438 2591 753 2702 θρώπων,
795 2594 911 2659 καὶ
953 2598 1150 2661 τοῦτο
1197 2597 1556 2683 διαρρήδην
1591 2594 1863 2685 Ὀρφεὺς
1907 2593 2341 2662 αναδιδασκει
2386 2588 2556 2679 ὁπη-

440 2676 588 2744 νίκα
635 2705 715 2743 αν
761 2676 1206 2788 διορίζηται·

612 2759 798 2829 οὕνεκ
874 2764 1276 2871 αμειβομένη
1323 2766 1501 2872 ψυχὴ
1550 2789 1720 2830 κατα
1765 2764 1972 2829 κύκλα
2013 2763 2308 2869 χρόνοισι

547 2853 583 2911 5
612 2844 990 2954 ανθρώπων
1036 2849 1275 2954 ζῳοισι
1317 2849 1700 2954 μετέρχεται
1749 2844 2035 2915 ἄλλοθεν
2082 2843 2322 2926 ἄλλοις,

611 2927 845 2995 ἄλλοτε
888 2932 1008 3012 μέν
1052 2914 1133 2998 θ’
1178 2936 1446 3011 ἵπποις,
1496 2930 1532 2999 ὁ
1582 2933 1657 2998 δὲ
1668 2931 1993 3038 γίνεταξ.

608 3010 838 3079 αλλοτε
872 3015 949 3080 δε
976 3016 1334 3124 πρόβατον,
1364 3017 1514 3083 τότε
1547 3015 1609 3082 δ’
1645 3014 1889 3123 ὄρνεον
1893 3014 2074 3083 αἰνὸν
2106 3013 2402 3081 ἰδέσθαι.

609 3095 842 3166 α’λλοτε
887 3094 1027 3165 δἀυ
1072 3101 1296 3167 κυνεόν
1338 3126 1410 3168 τε
1456 3099 1661 3209 δέμας
1704 3101 1889 3190 φωνή
1933 3126 2005 3166 τε
2048 3103 2304 3206 βαρεῖα,

606 3184 724 3250 καὶ
765 3187 1035 3290 ψυχρῶν
1074 3182 1294 3294 ὀφίων
1338 3184 1533 3270 ε’ρπει
1555 3188 1760 3293 γένος
1803 3186 1870 3252 ἓν
1910 3187 2109 3267 χθονὶ
2156 3181 2286 3271 δίη.

437 3307 520 3323 -ν-
571 3309 634 3317 —
683 3266 792 3334 ὅτι
849 3269 922 3334 δὲ
977 3271 1093 3335 καὶ
1150 3268 1295 3336 ἰδία
1346 3273 1474 3335 τῶν
1531 3267 1786 3378 αλόγων
1838 3268 1941 3348 τίς
1997 3268 2177 3334 ἐστιν
2233 3266 2553 3371 ψύχωσις,

442 3349 587 3416 αλλ’
635 3378 753 3418 ουκ
799 3350 941 3418 απὸ
980 3354 1198 3437 μόνων
1239 3357 1369 3419 τῶν
1413 3351 1857 3438 ανθρωπίνων
1897 3355 2156 3439 ψυχῶν,
2215 3352 2403 3438 δηλοι
2443 3348 2556 3414 λέ-

441 3459 568 3524 γων
613 3434 648 3502 ὁ
659 3434 994 3543 Ὀρφεύς·

508 3527 584 3585 10
612 3545 681 3585 αι
724 3545 842 3603 μεν
888 3522 967 3609 δὴ
1014 3523 1239 3610 θηρῶν
1280 3546 1353 3587 τε
1395 3523 1513 3588 καὶ
1556 3520 1804 3589 οἰωνῶν
1847 3522 2247 3608 πτεροέντων

437 3706 628 3777 πανδρ
633 3704 699 3761 όν
729 3726 787 3760 τε
819 3710 912 3758 καὶ
944 3705 1166 3791 Θαληζα
1190 3710 1281 3759 καὶ
1309 3706 1632 3780 Φερεκύδην
1665 3712 1853 3769 ξένους
1886 3707 2073 3772 ὄντας,
2110 3705 2197 3760 ὅτι
2222 3705 2287 3759 τὰ
2314 3702 2450 3758 αὐτὰ
2476 3708 2553 3785 τῷ

438 3728 757 3846 Λυκούργῳ
785 3775 1068 3829 διετέλουν
1094 3772 1325 3843 ᾄδοντες
1348 3778 1440 3828 καὶ
1465 3780 1931 3858 φιλοσοφοῦντες,
1966 3777 2025 3829 ἐν
2041 3773 2285 3859 Σπάρτῃ
2313 3773 2552 3843 τιμηθῆ-

437 3861 534 3896 ναι
557 3840 956 3925 διαφερόντως.
1006 3846 1175 3911 Pelop.
1199 3862 1239 3895 c.
1260 3846 1319 3895 21
1357 3841 1679 3926 Φερεκύδην
1703 3862 1760 3896 τε
1784 3841 1885 3897 τὸν
1910 3842 2100 3927 σοφὸν
2125 3840 2238 3895 ὑπὸ
2260 3830 2550 3895 ’Λακεδαι-

437 3915 655 3980 μονίων
678 3907 1048 3982 ἀναιρεθέντα
1073 3914 1164 3962 καὶ
1188 3911 1290 3978 τὴν
1315 3911 1494 3978 δορὰν
1519 3908 1689 3964 αὐτοῦ
1715 3909 1853 3963 κατά
1888 3931 1942 3963 τι
1965 3910 2161 3978 λόγιον
2185 3908 2298 3961 ὑπὸ
2326 3912 2432 3961 τῶν
2454 3913 2551 3973 βα-

442 3979 640 4031 σιλέων
674 3998 824 4048 φρου
861 3980 1120 4049 ουμένην.
1172 3981 1321 4030 Diese
1348 3981 1479 4031 Haut
1514 3983 1599 4031 des
1627 3981 1949 4048 Pherekydes
1985 3981 2052 4030 ist
2075 3981 2171 4029 wie
2197 3980 2276 4029 dio
2313 3980 2401 4028 des
2424 3977 2553 4041 Epi-

436 4047 663 4096 menides
687 4063 751 4096 zu
775 4063 832 4097 er
867 4048 1026 4115 laren,
1051 4064 1093 4098 ε.
1121 4046 1331 4099 Nitznch
1355 4049 1416 4097 do
1443 4050 1653 4098 historia
1677 4048 1879 4099 Homeri
1902 4063 1950 4113 p.
1980 4047 2072 4097 161
2089 4063 2163 4112 sq.
