2867 4717
472 422 543 476 82
1065 423 1533 491 quaestiones
1583 423 1662 476 de
1708 423 2002 478 historia

389 591 439 631 1⁷
470 577 573 638 das
605 577 667 638 in
697 577 839 651 hoc,
880 596 998 656 quo
1031 578 1321 656 significat
1350 578 1621 639 ordinem
1654 578 1724 639 ab
1756 597 1820 639 se
1850 579 2147 640 inversum
2178 595 2339 651 esse,
2381 596 2494 656 qua
2526 578 2583 639 in

467 680 531 723 re
568 679 747 723 nemo
788 661 952 722 facile
991 663 1326 741 probaverit
1360 662 1646 723 rationem
1678 662 1783 723 viri
1814 662 2170 736 doctissimi,
2208 661 2352 723 adeo
2384 663 2583 723 omnia

465 745 745 818 turbavit,
786 746 1051 820 miscuit,
1090 747 1382 826 pervertit.
1445 747 1605 820 Quae
1634 746 1781 808 ratio
1814 766 1949 808 cum
1978 747 2209 808 facilius
2239 765 2309 807 ex
2338 765 2581 826 compa-

466 830 692 892 ratione
721 829 1018 891 editorum
1050 850 1182 892 cum
1216 831 1416 891 codice
1448 832 1726 909 cognosci
1760 837 1936 910 queat
1956 850 2129 910 quam
2155 830 2422 903 describi,
2446 831 2581 891 bre-

464 915 609 976 viter
636 933 972 994 percurram
1013 915 1237 993 singula
1266 915 1482 993 capita,
1522 916 1828 994 completis
1857 915 2208 977 variantibus
2235 915 2582 977 lectionibus

462 999 955 1078 fragmentorum,
996 1000 1287 1060 interdum
1316 1001 1494 1061 etiam
1521 1000 1887 1079 longioribus
1914 1001 2059 1062 locis
2090 1000 2328 1072 additis,
2367 1020 2400 1061 a
2429 1000 2581 1061 Bek-

463 1084 605 1145 kero
637 1083 930 1162 neglectis,

631 1167 699 1227 In
750 1167 1183 1247 prolegomenis
1224 1167 1524 1229 Bekkerus
1577 1168 1827 1229 eundem
1881 1169 2144 1231 ordinem
2195 1175 2356 1229 tenet
2407 1187 2580 1247 quem

463 1269 683 1331 apogr„
716 1252 871 1330 quod
904 1251 1080 1313 habet
1108 1272 1165 1332 p.
1201 1252 1453 1313 33—54
1477 1271 1623 1332 quae
1650 1254 1923 1331 leguntur
1950 1273 2043 1332 ap.
2074 1252 2252 1313 Bekk.
2283 1271 2342 1331 p.
2369 1253 2581 1314 647-

463 1335 604 1398 673.
673 1335 739 1395 In
776 1336 1107 1415 fragmento
1149 1336 1466 1415 Hipparchi
1504 1356 1563 1416 p.
1596 1338 1719 1398 647
1765 1356 1967 1417 apogr.
2011 1338 2158 1416 Hbg.
2210 1355 2293 1398 vs,
2342 1338 2361 1396 1
2407 1332 2580 1397 πολὺ

462 1414 602 1502 γάρ.
661 1439 745 1481 vs.
786 1421 825 1480 2
872 1412 1270 1502 ἀνθρώποις
1311 1455 1396 1464 —-
1438 1412 1478 1504 ἡ
1534 1415 1743 1505 τέχνη.
1840 1421 1908 1482 In
1949 1421 2385 1482 definitionibus
2433 1421 2579 1482 sub-

460 1504 836 1585 sequentibus
869 1525 925 1584 p.
960 1506 1103 1579 647,
1136 1505 1216 1566 23
1249 1506 1320 1565 H.
1352 1524 1473 1565 om.
1504 1496 1545 1588 ἦ
1576 1503 1714 1568 τοῦ.
1771 1506 1973 1567 Cetera
2004 1506 2247 1567 adnotat
2275 1505 2404 1585 ipse
2423 1504 2578 1566 Bek-

458 1590 635 1651 kerus
678 1609 737 1691 p.
775 1589 957 1650 1138.
998 1625 1083 1634 —-
1121 1609 1182 1668 p.
1226 1589 1380 1662 652,
1429 1589 1508 1651 30
1540 1590 1611 1649 H.
1654 1582 2285 1669 ἀποτελεσματικόν.
2345 1588 2497 1661 653,
2539 1591 2579 1649 4

463 1665 604 1735 ἀπὸ
664 1669 1009 1753 ασβέστου.
1098 1674 1136 1735 6
1179 1670 1497 1756 διατηρεῖ.
1596 1676 1663 1735 11
1708 1669 2072 1758 κινουμένη.
2161 1676 2242 1735 25
2288 1669 2407 1735 διὰ
2448 1669 2579 1734 τῶν

460 1751 825 1842 πηδαλίων.
882 1758 1033 1831 655,
1076 1756 1112 1818 3
1144 1759 1398 1834 βαῢνον.
1459 1758 1609 1831 659,
1654 1759 1730 1820 19
1763 1753 1979 1820 δεινὸν
2020 1794 2103 1803 -
2148 1749 2371 1860 ἄνδρα.
2432 1758 2577 1834 660,

459 1844 540 1903 25
574 1837 780 1925 δηλοῖ.
847 1843 927 1903 27
961 1860 1080 1902 om.
1114 1836 1432 1925 ἐχρήσατο
1472 1849 1530 1903 et
1570 1861 1678 1922 pro
1713 1839 1992 1924 διαιρῶν
2021 1844 2197 1904 habet
2227 1839 2297 1903 δι
2346 1833 2576 1903 αὐτῶν.

460 1927 603 1999 661,
636 1927 674 1986 2
703 1920 1250 2005 μεταβάλλονται.
1282 1962 1367 1969 ——
1400 1927 1676 2006 Sequitur
1703 1928 1810 1989 Ms.
1841 1947 1901 2006 p.
1935 1927 2239 2001 55—59,
2268 1946 2362 2029 ap.
2393 1927 2576 1987 Bekk.

458 2030 516 2090 p.
550 2010 703 2081 703,
746 2010 1058 2072 24-708
1109 2006 1444 2091 Γεωργίου
1497 2008 1616 2072 τοῦ
1656 2012 2123 2093 Χοιροβοσκοῧ
2163 2030 2325 2091 περι
2366 2028 2580 2096 προσ-

459 2086 776 2178 ῳδίαςὸ),
816 2113 989 2173 quem
1021 2096 1283 2172 sequitur
1312 2096 1373 2154 in
1403 2096 1508 2155 Ms.
1539 2103 1820 2158 tractatus
1862 2096 2148 2175 incipiens
2178 2092 2308 2156 τῶν
2353 2090 2428 2156 δὲ
2469 2115 2580 2155 τε-

455 2171 839 2262 χνογράφων
893 2168 959 2239 οἳ
1013 2174 1133 2257 μὲν
1184 2171 1325 2238 ἀπὸ
1379 2173 1577 2260 λόγου
1631 2171 1937 2260 ἤρξαντο,
1995 2171 2061 2243 οἳ
2117 2174 2193 2241 δὲ
2235 2171 2377 2241 ἀπὸ
2425 2171 2578 2262 ὅρου

458 2268 589 2334 etc„
624 2262 780 2341 quod
810 2263 1106 2323 Bekkerus
1137 2263 1340 2341 posuit
1366 2282 1424 2342 p.
1458 2264 1598 2324 730.
1661 2264 1724 2324 Si
1757 2265 2021 2327 ordinem
2048 2264 2267 2326 codicis
2293 2264 2576 2344 sequariS,

455 2346 728 2407 videntur
757 2347 901 2407 haec
931 2347 1194 2408 eiusdem
1226 2348 1626 2409 Choerobosci
1655 2367 1806 2422 esse,
1838 2349 2002 2411 cuius
2032 2349 2274 2411 nomine
2295 2349 2578 2428 inscripta

457 2438 598 2492 sunt
620 2431 1029 2492 antecedentia.
1078 2431 1356 2511 Sequitur
1366 2432 1474 2493 Ms.
1488 2452 1547 2511 p.
1563 2433 1815 2494 60—82
1839 2440 2116 2495 tractatus
2136 2434 2466 2513 Porphyrii,
2482 2452 2575 2512 ap.

455 2515 634 2576 Bekk.
686 2536 743 2594 p.
798 2516 951 2588 675,
1004 2516 1347 2590 30-703,
1399 2518 1510 2591 20;
1569 2518 1782 2579 deinde
1842 2519 1948 2578 Ms.
2000 2537 2057 2597 p.
2100 2518 2363 2580 82—91
2418 2511 2578 2598 περὶ

377 2612 428 2652 18
456 2596 861 2683 προσῳδιῶν
887 2593 1001 2660 καὶ
1032 2591 1260 2674 ἄλλως,
1295 2620 1388 2680 ap.
1421 2602 1597 2662 Bekk.
1633 2622 1690 2682 p.
1724 2602 2088 2676 709—-7203
2118 2610 2251 2663 tum‘
2274 2603 2381 2663 Ms.
2408 2620 2467 2681 p.
2495 2602 2575 2662 92

455 2686 669 2746 —101
728 2678 886 2769 περὶ
935 2676 1183 2767 τέχνης,
1225 2704 1316 2765 ap.
1364 2686 1542 2746 Bekk.
1586 2705 1644 2791 p.
1689 2686 1840 2757 720,
1889 2687 2190 2756 5-729,
2250 2687 2364 2747 nisi
2413 2687 2575 2764 quod

454 2777 595 2847 post
644 2771 816 2832 verba
868 2762 1227 2852 προέκρινα
1282 2758 1363 2830 ὃῖν
1411 2763 1503 2852 μὴ
1560 2790 1730 2831 ειναι
1785 2760 1832 2852 ἢ
1876 2766 2078 2844 κακὸς
2122 2758 2293 2833 εἶναι
2337 2790 2396 2849 p.
2430 2771 2574 2844 726,

455 2856 493 2913 4
536 2855 717 2915 Bekk.
759 2855 817 2915 in
859 2855 963 2914 Ms.
1000 2855 1261 2932 sequitur
1297 2855 1523 2915 notatio
1567 2855 1761 2916 critica
1792 2855 1863 2915 de
1903 2855 2127 2933 origine
2154 2855 2577 2934 grammaticae

453 2945 513 2998 et
540 2938 612 2998 de
640 2938 921 3016 Dionysio
955 2938 1197 3011 Thrace,
1227 2957 1401 3017 quam
1434 2938 1735 3000 Bekkerus
1766 2940 1967 3018 posuit
1996 2939 2058 2999 in
2081 2940 2341 3018 margine
2365 2958 2424 3019 p.
2449 2939 2574 2999 672

454 3029 512 3082 et
550 3022 702 3095 6733
743 3022 991 3099 denique
1029 3023 1137 3082 Ms.
1181 3042 1238 3101 p.
1273 3022 1353 3082 97
1394 3023 1685 3101 expositio
1728 3023 2083 3085 definitionis
2127 3024 2385 3097 Stoicae,
2427 3042 2577 3103 quae

452 3107 661 3185 legitur
710 3126 802 3185 ap.
841 3106 1167 3168 Bekkerum
1208 3126 1266 3185 p.
1309 3107 1426 3166 721
1479 3107 1539 3166 in
1580 3108 1855 3184 margine.
1897 3143 1982 3152 —
2018 3107 2243 3168 Adiicio
2287 3107 2573 3168 lectiones

451 3191 737 3252 variantes
769 3210 826 3270 p.
852 3190 993 3262 723,
1032 3192 1128 3251 17.
1160 3190 1255 3252 18.
1280 3190 1427 3268 Hbg.
1462 3209 1520 3269 p.
1557 3191 1585 3251 1
1622 3199 1680 3251 et
1709 3191 1790 3252 94
1820 3188 1937 3275 τήν
1963 3186 2188 3275 τέχνην
2219 3187 2332 3275 τῆς
2367 3210 2573 3272 γραμ-

451 3277 754 3360 ματικῆς.
803 3295 883 3337 vS.
915 3275 1015 3337 21.
1048 3275 1194 3354 Hbg.
1227 3295 1286 3355 p.
1326 3277 1353 3335 1
1389 3266 1725 3359 εὐεργέτης
1761 3272 1889 3337 τῶν
1935 3270 2435 3355 παιδευομένων
2464 3294 2574 3356 γε·

589 3508 638 3571 8)
677 3508 796 3559 Cum
823 3512 1030 3561 exordio
1057 3508 1119 3562 cf.
1143 3513 1267 3562 haec
1292 3512 1387 3562 Ms.
1413 3504 1462 3577 ρ’.
1490 3511 1612 3561 372:
1638 3508 1963 3579 ποσαχῶςὴ
1991 3509 2324 3582 προσῳδίας
2348 3513 2569 3580 τριχῶς.

451 3574 599 3638 πῶς,
624 3576 926 3646 προσῳδία
950 3578 1042 3628 καὶ
1067 3574 1246 3639 τόνος,
1274 3576 1576 3647 προσῳδία
1599 3580 1691 3629 καὶ
1715 3575 1748 3645 ἡ
1764 3582 2122 3647 χειρονομία,
2150 3577 2453 3651 προσῳδία
2479 3579 2570 3629 λέ-

359 3641 368 3650 ’
448 3659 605 3710 γεται
635 3644 726 3694 καὶ
759 3640 790 3709 ἡ
824 3646 924 3694 τοῦ
958 3641 1205 3715 ὀργάνου
1238 3642 1415 3713 φωνή.
1463 3647 1555 3696 καὶ
1594 3642 1784 3703 ἄλλως.
1836 3645 2136 3716 προσῳδία
2169 3649 2388 3714 λέγεται
2412 3645 2570 3715 παρὰ

448 3714 567 3768 τοῖς
587 3715 884 3780 μουσικοῖς
907 3707 967 3763 τὸ
994 3714 1251 3782 κροῦσμα
1276 3708 1307 3778 ἢ
1333 3709 1364 3778 ἡ
1391 3709 1704 3794 ἒκφώνησις
1726 3715 1826 3765 τοῦ
1851 3710 2040 3777 αὐλοῦ,
2066 3709 2208 3787 ὅπερ
2235 3714 2451 3782 λέγεται
2474 3715 2572 3764 καὶ

448 3780 693 3848 κροῦμα,
729 3778 1029 3849 προσῳδία
1060 3781 1277 3848 λέγεται
1311 3781 1403 3830 καὶ
1441 3800 1473 3844 η
1499 3777 1662 3839 τάσις
1684 3780 1743 3833 ἒν
1766 3782 1843 3849 τῷ
1867 3780 2203 3851 παροξύνειν
2235 3777 2339 3848 τὴν
2362 3783 2510 3841 λέξιν
2533 3776 2569 3864 ἢ

449 3840 667 3905 ὀξύνειν
688 3848 780 3897 καὶ
806 3850 1214 3915 προπερισπᾶν
1238 3843 1269 3913 ἢ
1305 3848 1621 3915 περισπᾶν,
1657 3849 1958 3918 προσῳδία
1984 3851 2201 3931 λέγεται
2223 3852 2316 3901 καὶ
2344 3844 2511 3906 αὐτὸς
2535 3867 2568 3899 ο

441 3910 730 3983 χαρακτὴρ
756 3916 863 3966 τῶν
886 3911 1065 3967 τόνων
1088 3916 1180 3965 καὶ
1210 3915 1319 3966 τῶν
1332 3911 1560 3986 χρόνων
1584 3918 1676 3967 καὶ
1706 3918 1816 3970 τῶν
1841 3933 2194 3986 πνευματων.
2245 3916 2319 3967 Cf.
2342 3918 2568 3968 Crameri

450 3983 637 4032 Anecd.
667 3982 830 4032 Oxou.
857 3983 971 4033 Vol.
995 3981 1080 4046 IV,
1106 4000 1153 4049 p.
1180 3982 1277 4032 308
1292 3999 1417 4047 sqq„
1443 3984 1527 4033 ubi
1550 3985 1647 4034 aliu
1673 3987 1952 4035 huiusmodi
1980 3987 2325 4052 supplementa
2352 3985 2567 4036 collecta

450 4056 582 4120 sunt.
615 4050 721 4115 Ἀρ.
749 4051 899 4101 Bekk.
931 4067 977 4117 p.
1006 4050 1122 4116 703,
1148 4051 1212 4101 25
1236 4066 1326 4116 pro
1356 4048 1541 4119 στόμα
1566 4053 1717 4104 scrib.
1745 4053 2021 4121 κροῦσμα.
