2867 4717
1090 397 1585 465 Peripatetico.
2324 402 2392 457 97

244 552 385 613 306
422 552 695 612 Athenas
739 551 953 612 iterum
993 552 1286 613 concessit
1322 552 1520 631 ibique
1549 555 1662 614 iam
1695 572 1882 632 usque
1912 554 1983 614 ad
2014 562 2265 616 mortem
2295 558 2394 619 in-
2431 576 2455 617 ⁷

243 642 343 696 ter
387 643 719 697 sectatores
761 654 906 697 suos
937 636 1111 697 vitam
1144 636 1278 714 egit.
1337 637 1461 698 Iam
1491 655 1747 716 quonam
1778 646 2045 717 tempore
2075 638 2394 719 Praxipha-

248 738 400 781 nem
454 721 534 780 ab
576 721 834 798 Epicuro
875 721 1135 782 auditum
1174 740 1307 782 esse
1347 720 1671 799 putemus?
1738 721 2231 784 verisimillimum
2282 726 2395 786 hoc

252 806 509 877 factum*
549 823 683 865 esse
733 814 1048 884 postquam
1098 805 1391 883 Epicurus
1445 808 1654 868 iterum
1697 806 1955 867 Athenas
2006 818 2395 881 concesserat,

254 908 383 968 quo
426 896 704 967 tempore
739 897 1048 968 antequam
1079 907 1247 950 suam
1279 890 1545 951 scholam
1576 891 1853 969 aperiret,
1893 898 2220 951 ceterorum
2260 893 2393 971 phi·
2431 908 2436 911 ·

254 974 668 1051 losophorum
706 973 1198 1052 disputationibus
1228 974 1584 1053 aliquamdiu
1613 994 1678 1035 se
1706 974 2101 1036 immiscuisse
2127 985 2398 1039 narratur

259 1077 359 1136 ap.
396 1057 567 1135 Diog.
600 1057 662 1116 L.
694 1057 774 1130 X,
817 1059 855 1118 2
894 1051 1083 1138 μέχρι
1125 1052 1243 1137 μέν
1283 1078 1465 1133 τινος
1506 1050 1647 1121 κατ’
1692 1052 2045 1139 ἐπιμιξίαν
2087 1059 2228 1134 τοῖς
2274 1052 2394 1122 ὄίλ-

261 1138 416 1214 λοις
445 1137 865 1224 φιλοσοφεῖν,
897 1134 1138 1203 ἔπειτα
1169 1133 1313 1226 ἰδίᾳ
1343 1163 1490 1216 πως
1515 1140 1632 1226 τήν
1662 1134 1782 1204 ἄπ’
1811 1135 2014 1205 αὐτοῦ
2036 1140 2397 1227 κληθεῖσαν

262 1223 538 1307 αἳρεσιν
552 1218 991 1307 συστήσανταε
1021 1227 1345 1305 eodemque
1364 1228 1634 1288 ducimur
1648 1228 1699 1288 si
1716 1227 2208 1307 Theophrastum,
2220 1248 2394 1308 quem

260 1310 674 1387 Praxiphanes
699 1311 1012 1383 audiverat,
1045 1311 1278 1371 scholae
1308 1310 1378 1370 ab
1409 1331 1461 1371 a.
1495 1311 1616 1371 323
1649 1312 1883 1372 demum
1915 1312 2239 1390 praefuisse
2268 1332 2393 1373 me-

263 1393 645 1454 minerimus,
718 1394 881 1454 Hanc
931 1395 1105 1473 igitur
1150 1396 1646 1474 computationem
1688 1395 1737 1456 si
1779 1414 2122 1474 sequamur,
2177 1398 2392 1457 floren-

260 1478 506 1538 tissima
538 1477 921 1556 Praxiphanis
963 1486 1120 1539 aetas
1160 1479 1426 1540 inciderit
1460 1480 1521 1540 in
1560 1487 1828 1558 tempora
1860 1480 2131 1540 Demetrii
2163 1481 2395 1541 Polior-

265 1570 436 1622 cetae
467 1569 526 1627 et
555 1562 866 1622 Ptolemaei
897 1563 1050 1640 Lagi,
1078 1564 1328 1623 fortasse
1359 1565 1532 1624 etiam
1566 1563 1946 1642 Philadelphi.
2008 1564 2272 1625 Insecuta
2306 1573 2397 1626 est

264 1655 433 1708 aetas
464 1646 941 1724 frequentissima
971 1647 1062 1708 illa
1095 1649 1633 1724 grammaticorum,
1666 1668 1732 1708 ex
1759 1649 1970 1727 quibus
1995 1647 2395 1723 CallimachuS,

20 1754 29 1855 ι
264 1731 376 1809 qui
393 1732 597 1790 floruit
617 1731 728 1791 sub
743 1731 1078 1792 Ptolemaeo
1096 1732 1474 1812 Philadelpho
1496 1732 1739 1812 eiusque
1760 1751 2117 1804 successore,
2133 1734 2393 1795 ediderat

263 1816 492 1876 librum
514 1816 793 1876 adversus
822 1816 1249 1894 Praxiphanem
1274 1816 1647 1894 inscriptum,
1683 1835 1799 1894 quo
1826 1812 2165 1877 de'historia
2189 1825 2393 1895 poeta-

267 1918 410 1961 rum
443 1917 594 1978 quae
627 1900 698 1959 ab
728 1899 1064 1960 hoctradita
1097 1907 1265 1959 erant
1294 1899 1770 1960 adnotationibus
1804 1900 1926 1960 suis
1961 1901 2192 1959 auxisse
2223 1908 2394 1979 atque

268 1984 595 2059 castigasse
625 1983 869 2056 videtur,
899 2004 950 2044 v.
974 1984 1160 2044 Vitam
1192 1985 1350 2043 Arati
1380 2003 1474 2062 ap.
1498 1983 1772 2044 Buhlium
1796 1983 1918 2043 Vol.
1945 1983 2013 2053 ΙΙ,
2041 2003 2104 2083 p.
2131 1984 2255 2044 432
2276 1976 2395 2062 μέ-

267 2088 519 2149 μνηται
565 2065 720 2147 γοῦν
764 2061 965 2129 αὐτοῦ
1008 2074 1127 2144 (sc.
1160 2071 1273 2128 τοῦ
1319 2060 1627 2148 Ἀράτου)
1674 2063 1790 2129 καὶ
1833 2064 2262 2146 Ιίαλλιμαχος
2306 2061 2394 2143 ὥς

269 2144 724 2233 πρεσβυτέρου
780 2143 858 2213 οὕ
907 2146 1111 2228 μόνον
1165 2142 1232 2212 ἐν
1281 2151 1421 2225 τοῖς
1475 2145 1998 2234 ἐπιγράμμασιν,
2057 2144 2225 2213 ἀλλὰ
2278 2149 2393 2214 καὶ

269 2230 345 2298 ἐν
381 2236 525 2309 τοῖς
555 2232 722 2317 πρὸς
750 2229 1201 2319 Πραξιφάνην,
1249 2228 1424 2296 πάνυ
1471 2229 1763 2298 ἐπαινῶν
1808 2228 2004 2299 αὖτὸν
2047 2229 2138 2310 ὥς
2182 2235 2390 2298 πολυ-

267 2317 469 2402 μαθῆ
514 2316 630 2380 καὶ
675 2311 946 2399 ἄριστον
976 2313 1280 2402 ποιητήν.

20 2412 23 2527 Ι
386 2413 391 2417 ’
449 2404 659 2464 Schola
709 2404 1094 2482 Praxiphanis
1146 2422 1254 2482 pro
1309 2404 1735 2464 consuetudine
1765 2404 2288 2482 Peripateticorum
2336 2413 2394 2465 et

20 2540 21 2543 ,
271 2488 566 2548 rhetorica
596 2496 655 2547 et
680 2487 1086 2567 philosophica
1115 2488 1300 2548 fuisse
1330 2488 1573 2560 videtur,
1613 2506 1811 2548 verum
1845 2489 1921 2548 ita
1951 2495 2016 2549 ut
2044 2489 2391 2549 exotericam

272 2579 505 2652 partem
547 2572 732 2649 magis
765 2572 1011 2632 coluerit
1036 2590 1211 2649 quam
1243 2571 1585 2633 esotericam
1617 2572 2044 2651 rhetoricisque
2072 2572 2392 2633 institutio-

271 2656 453 2717 nibus
493 2656 820 2716 adiunxerit
855 2656 1006 2729 illas,
1059 2655 1271 2734 quibus
1325 2655 1575 2715 maxime
1626 2655 1776 2716 inter
1819 2656 2085 2734 aequales
2127 2657 2391 2727 eminuit,

272 2740 700 2817 grammaticas,
769 2741 851 2800 De
887 2740 1251 2818 Praxiphane
1289 2739 1647 2818 philosopho
1690 2739 1857 2799 testis
1900 2747 1992 2799 est
2030 2739 2391 2818 Epiphanius

275 2824 401 2885 adv.
436 2823 673 2883 HaereS.
715 2824 750 2883 l.
786 2843 862 2895 c.‚
900 2825 999 2901 qui
1030 2823 1503 2900 Theophrastum
1546 2822 1872 2883 Aristotelis
1914 2823 2038 2882 fere
2082 2824 2394 2902 opiniones·

274 2915 548 2968 secutum
581 2926 736 2981 esse,
766 2909 1191 2985 Praxiphanem
1225 2913 1416 2967 autem
1449 2906 1776 2979 Rhodium,
1821 2927 1951 2969 cum
1987 2908 2182 2970 Strato
2219 2909 2390 2980 Lam-

272 3011 566 3070 psacenus
597 2992 877 3053 nonnulla
907 2992 1229 3063 novaverit,
1263 2991 1465 3052 eadem
1494 3011 1640 3071 quae
1673 2991 2119 3072 Theophrastus
2144 2993 2397 3054 senserit

271 3075 591 3136 tradidisse
630 3077 921 3155 perhibet:
967 3077 1290 3155 eodemque
1331 3076 1583 3154 pertinet
1624 3078 1782 3155 quod
1822 3078 1976 3137 inter
2012 3095 2391 3138 successores
2418 3099 2446 3139 s

275 3160 610 3221 Aristotelis
639 3168 982 3222 numeratur
1009 3162 1069 3220 in
1099 3161 1222 3222 Vita
1247 3160 1572 3221 Aristotelis
1605 3160 1757 3220 edita
1782 3179 1812 3220 a
1844 3160 2109 3238 Menagio
2134 3160 2204 3221 ad
2228 3161 2392 3238 Diog.

275 3244 341 3304 L.
376 3243 442 3316 V,
478 3243 557 3304 35
592 3237 903 3321 διάδοχοι
936 3239 1011 3306 δὲ
1042 3236 1242 3305 αὐτοῦ
1269 3242 1389 3327 τῆς
1419 3240 1658 3326 σχολῆς
1686 3241 1856 3304 κατὰ
1884 3238 2074 3320 τάξιν
2103 3238 2394 3326 ἐγένοντο

278 3324 453 3389 οἵδε·
508 3322 963 3411 Θεόφραστος,
1007 3322 1338 3407 Στράτων,
1392 3321 1831 3411 Πραξιτέλης,
1879 3322 2154 3401 Λύκων,
2212 3322 2394 3410 Ἀρί-

277 3429 467 3487 στων,
513 3407 884 3488 Λύκισκος,
930 3406 1377 3496 Πραξιφάνης,
1403 3403 1797 3494 Ἱερώνυμος,
1825 3406 2169 3494 Πρύτανις,
2218 3416 2394 3497 Φορ-

273 3488 473 3575 μίων,
521 3490 991 3576 Κριτόλαος9).
1061 3497 1143 3556 De
1181 3504 1302 3557 arte
1341 3498 1714 3574 grammatica
1755 3497 1960 3557 merita
1990 3498 2237 3558 celebrat
2265 3497 2394 3557 Cle—

20 3596 25 3763 ῑ
416 3680 467 3740 9)
497 3679 605 3744 Quo
627 3680 675 3728 in
701 3696 917 3730 recensu
936 3680 1249 3743 disiungendi
1269 3687 1388 3730 suut
1405 3681 1487 3745 qui
1506 3680 1832 3729 Aristotelem
1852 3686 1907 3729 et
1924 3679 2318 3746 Theophrastum
2343 3680 2395 3727 iu

277 3746 520 3808 regimine
545 3747 701 3813 Lycei
726 3750 888 3798 secuti
912 3754 1030 3797 sunt
1052 3747 1114 3797 ab
1139 3749 1227 3808 iis,
1263 3749 1343 3812 qui
1369 3747 1639 3811 separatim
1663 3746 1862 3796 scholas
1885 3746 2179 3796 babuerunt.
2227 3745 2393 3795 Theo-

188 3826 203 3835 ⁴
313 3814 540 3863 brastum
575 3821 780 3864 secutus
816 3823 898 3866 est
931 3816 1104 3865 Strato
1143 3815 1314 3876 (Πίος.
1352 3813 1408 3863 L.
1446 3812 1507 3874 V,
1542 3814 1660 3875 58),
1696 3814 1825 3862 hunc
1848 3813 1988 3878 Lyco
2014 3814 2099 3875 (ib.
2125 3813 2208 3874 65)
2236 3813 2395 3874 [cuius

300 3888 609 3943 tegmentum
633 3882 837 3945 elegans
862 3889 1036 3932 exstat
1065 3882 1193 3947 apud
1222 3880 1460 3930 Rutilium
1483 3879 1675 3946 Lupum
1698 3879 1766 3940 Π,
1806 3880 1869 3942 7.]
1916 3880 2041 3929 Huic
2065 3880 2237 3929 Aristo
2265 3878 2396 3929 Ceus

279 3949 557 4012 successit,
593 3949 810 4015 Lyconis
843 3951 1046 4000 auditor
1076 3957 1227 4014 atque
1253 3948 1441 3998 sodalis
1469 3947 1592 4010 (Cic.
1612 3948 1672 3997 de
1697 3947 1780 3997 fin.
1809 3946 1870 4010 V,
1897 3947 1971 4010 5),
2005 3947 2088 4011 qui
2111 3947 2265 3996 vitam
2290 3946 2395 4013 Ly-

279 4017 436 4079 conis,
463 4013 684 4066 fortasse
710 4017 859 4067 etiam
881 4017 1217 4081 antiquiorum
1240 4015 1686 4080 Peripateticorum
1710 4013 1943 4079 scripsit3
1980 4020 2120 4064 certe
2144 4013 2394 4079 Diogenes

391 4098 426 4139 P
440 4111 463 4138 r
475 4097 523 4139 el
536 4097 551 4138 1
563 4111 643 4149 er,
661 4112 846 4155 ausgew.
874 4099 1085 4142 Aufsitze.
1960 4096 1991 4145 7
