2867 4717
990 387 1279 442 nominis
1316 386 1767 457 Caryatidum.
2326 385 2429 441 143

319 563 462 624 geae
489 543 641 615 VIII,
675 543 733 615 5,
766 542 804 604 6
835 561 933 622 sq3
963 544 1064 615 45,
1099 544 1166 618 23
1197 545 1300 616 47,
1332 544 1398 618 23
1431 543 1540 616 48,
1572 542 1639 617 33
1669 542 1768 616 53,
1798 544 1837 604 4
1870 543 2014 621 sq.),
2052 541 2264 621 quihus
2295 561 2431 605 mo-

317 630 622 692 numentis
651 628 905 689 notabile
935 635 1024 689 est
1051 629 1319 690 victorias
1351 629 1489 689 olim
1530 629 1601 689 de
1630 627 1931 707 Spartanis
1960 634 2286 707 reportatas
2316 645 2431 707 po·-

317 715 613 777 tissimum
655 714 726 775 ad
767 713 1038 774 mulieres
1071 714 1449 792 Tegeatarum
1479 714 1686 775 relatas
1725 732 1876 774 esse.
1932 713 2123 791 Atque
2152 712 2248 772 illo
2278 720 2428 773 tem-

317 818 495 879 pore,
536 806 849 878 postquam
888 798 1124 859 fortuna
1155 800 1406 877 denique
1437 797 1744 878 Spartanis
1783 798 2011 859 favente
2039 817 2150 876 pax
2180 816 2431 875 compo-

320 886 434 946 sita
465 893 574 958 est,
604 885 895 963 Alpheum
920 884 1158 945 fluvium
1181 885 1498 947 terminum
1531 884 1683 944 inter
1707 883 2033 961 Spartanos
2063 891 2122 943 et
2145 883 2429 960 Tegeatas

319 969 582 1048 positum
612 988 742 1031 esse
771 969 1067 1048 suspicor,
1111 986 1227 1046 quo
1258 969 1509 1029 termino
1544 969 1755 1047 Caryae
1787 968 1857 1028 ab
1888 967 2207 1028 Arcadibus
2239 966 2428 1028 absci-

322 1073 422 1115 sae
451 1062 607 1127 sunt,
638 1061 704 1115 ut
733 1061 861 1114 utar
891 1053 1169 1114 vocabulo
1194 1053 1486 1116 Photiano
1514 1055 1635 1128 14).
1682 1052 1811 1114 Hoc
1838 1052 2014 1131 igitur
2036 1051 2321 1130 oppidum
2355 1050 2429 1115 ad

320 1131 703 1219 περιοίκους
731 1138 1006 1211 relatum3
1037 1156 1197 1199 sacra
1227 1146 1418 1198 autem
1453 1136 1799 1215 Caryatium,
1831 1136 2003 1197 etiam
2033 1136 2124 1197 illa
2157 1136 2427 1214 primitus

320 1223 595 1284 Arcadica
628 1224 943 1295 censenda,
973 1223 1124 1283 inter
1151 1223 1382 1302 publica
1416 1222 1842 1300 Spartanorum
1874 1227 2102 1301 recepta
2133 1229 2298 1282 sunt:
2332 1240 2431 1282 ce-

319 1315 484 1369 teros
524 1308 804 1385 Tegeatas
855 1314 1088 1368 constat
1127 1308 1324 1368 socios
1366 1306 1793 1385 Spartanorum
1833 1306 2020 1366 factos
2067 1324 2224 1379 esse,
2276 1323 2429 1383 quos

319 1392 471 1453 inter
499 1400 723 1452 tantum
751 1393 1205 1464 honorabantur,
1233 1399 1302 1452 ut
1328 1391 1387 1451 in
1419 1391 1542 1451 acie
1563 1390 1984 1469 Spartanorum
2015 1407 2247 1469 semper
2274 1390 2429 1450 idem

323 1496 508 1538 cornu
536 1478 761 1537 laevum
784 1484 1068 1549 tenerent,
1103 1496 1234 1538 cum
1261 1476 1375 1556 ipsi
1398 1475 1669 1554 Spartani
1691 1475 1752 1536 in
1779 1476 1979 1535 dextro
2004 1475 2258 1536 solerent
2280 1492 2431 1535 con-

321 1561 546 1622 sistere.
607 1561 808 1640 Neque
836 1569 1034 1621 tamen
1066 1563 1208 1623 haec
1236 1560 1482 1622 societas
1513 1561 1655 1622 adeo
1699 1560 1943 1621 stabilita
1976 1568 2098 1620 erat
2118 1562 2246 1635 l⁵),
2288 1559 2429 1637 quin

321 1647 602 1724 Tegeatae
643 1648 831 1723 prima
862 1664 1089 1725 quaque
1128 1646 1571 1725 opportunitate
1603 1645 1671 1704 ad
1704 1644 2073 1705 renitendum
2111 1651 2427 1705 uterentur.

319 1730 400 1791 Ea
434 1750 498 1790 se
529 1730 737 1791 obtulit
765 1731 960 1791 statim
993 1738 1132 1808 post
1163 1731 1372 1791 bellum
1406 1729 1739 1803 Persicum,
1783 1748 1915 1789 cum
1956 1736 2016 1789 et
2043 1729 2235 1807 Argivi
2267 1746 2429 1789 arma

320 1822 522 1875 contra
554 1823 908 1876 crescentem
938 1815 1000 1875 in
1031 1816 1152 1875 dies
1185 1814 1610 1893 Spartanorum
1642 1813 1972 1892 superbiam
2002 1814 2335 1878 movebant.
2374 1818 2432 1872 et

320 1918 453 1959 cum
495 1899 699 1960 ceteris
740 1907 969 1977 praeter
996 1900 1384 1960 Mantinenses
1426 1898 1746 1959 Arcadibus
1782 1898 2091 1974 Tegeatae,
2131 1917 2183 1957 v.
2215 1896 2427 1957 Herod.

318 1982 426 2054 IX,
457 1983 554 2054 35,
585 1984 756 2044 Faus,
788 1982 898 2054 111,
935 1985 998 2043 11
1027 2031 1040 2057 ,
1072 1985 1140 2044 6:
1194 1984 1347 2062 quod
1379 1983 1594 2044 bellum
1626 1981 1848 2042 duabus
1888 1981 2099 2059 pugnis
2130 1979 2427 2041 acerrimis

320 2067 660 2128 debellatum
692 2074 805 2143 est,
847 2068 1020 2128 altera
1051 2069 1203 2146 apud
1234 2068 1421 2146 ipsam
1455 2069 1727 2144 Tegeam,
1769 2066 1942 2126 altera
1970 2066 2122 2144 apud
2154 2065 2428 2144 Dipaeam

318 2152 379 2211 in
409 2170 545 2230 agro
571 2152 918 2212 Mantinensi
943 2158 960 2192 ¹
983 2153 1061 2227 6).
1122 2154 1243 2213 lam
1271 2153 1384 2212 boc
1413 2151 1474 2211 in
1497 2152 1644 2211 bello
1674 2151 1989 2211 admodum
2018 2151 2288 2210 credibile
2317 2155 2423 2222 est,

318 2235 488 2296 etiam
515 2237 724 2315 Caryas
754 2256 786 2297 a
808 2236 1280 2297 Lacedaemoniis
1311 2236 1596 2297 defecisse
1624 2242 1683 2296 et
1712 2254 1844 2296 cum
1878 2234 2082 2296 ceteris
2106 2234 2428 2296 Arcadibus

279 2389 284 2393 ¹
321 2321 724 2394 consensisse,
765 2321 980 2400 quippe
1011 2339 1156 2399 quae
1183 2339 1306 2382 non
1338 2320 1531 2381 solum
1562 2340 1629 2380 ex
1660 2320 1927 2397 Tegeatis
1959 2319 2238 2380 oriundae
2266 2320 2428 2379 eius-

319 2404 565 2484 demque
589 2407 889 2483 sanguinis
920 2406 1295 2484 nominisque
1323 2412 1539 2475 essent,
1571 2404 1672 2465 sed
1699 2423 1844 2483 quas
1874 2411 2077 2482 postea
2100 2405 2293 2478 etiam,
2327 2403 2428 2464 ubi

317 2496 458 2567 post
482 2509 734 2569 pugnam
761 2490 1171 2551 Leuctrensem
1197 2490 1602 2568 Epaminonda
1618 2489 1855 2568 auspice
1875 2487 2134 2549 universi
2156 2488 2428 2562 ArcadeS,

318 2573 632 2634 inveterato
675 2575 1097 2653 Spartanorum
1139 2576 1274 2635 odio
1321 2575 1514 2635 denuo
1557 2581 1887 2652 resumpto,
1938 2593 2100 2635 arma
2139 2572 2428 2634 Laconiae

316 2657 657 2732 intulerunt,
689 2678 831 2738 quas
855 2660 970 2720 hoc
1000 2660 1171 2720 etiam
1198 2660 1258 2720 in
1288 2659 1435 2720 bello
1462 2659 1737 2720 Arcadiae
1767 2667 1823 2720 et
1846 2658 2260 2719 Thebanorum
2290 2675 2425 2734 par-

318 2749 406 2802 tes
438 2762 673 2803 summo
709 2762 843 2804 cum
883 2744 1075 2804 studio
1107 2750 1348 2805 sectatas
1381 2763 1513 2804 esse
1542 2741 1878 2821 accipimus
1940 2741 2025 2802 Ad
2066 2742 2220 2802 istud
2253 2742 2428 2818 igitur

316 2825 534 2887 bellum
567 2828 806 2889 Vitruvii
844 2828 1237 2889 narrationem
1278 2827 1545 2908 equidem
1582 2826 2002 2898 revocaverim,
2045 2826 2208 2886 cuius
2245 2831 2429 2886 aetate

320 2912 473 2990 quod
506 2913 576 2973 ad
600 2914 809 2974 Persas
834 2912 1046 2992 Caryae
1076 2912 1358 2974 defecisse
1386 2911 1789 2985 narrabantur,
1819 2911 1878 2972 id
1909 2911 2050 2972 satis
2079 2909 2428 2990 perspicitur

459 3148 537 3209 14)
575 3149 742 3201 Verbo
767 3145 1194 3217 ἀποτέμνεσθαι
1228 3149 1464 3199 similiter
1497 3149 1659 3198 utitur
1681 3148 1955 3198 Pausanias
1978 3145 2067 3208 111,
2094 3146 2150 3210 7,
2177 3146 2207 3194 3
2244 3138 2336 3196 ὅτε
2369 3145 2426 3196 οἱ

317 3213 772 3285 Λακεδαιμόνιοι
794 3213 1068 3284 Τεγεάτας
1091 3212 1344 3287 αἱρήσειν
1367 3212 1613 3282 ἤλπισαν
1637 3216 1728 3265 καὶ
1744 3210 2162 3283 ἀποτεμεῖσθαι
2186 3214 2280 3278 τῆς
2310 3211 2425 3282 Ἅρ-

317 3279 517 3338 nautae
548 3279 610 3333 τὸ
650 3281 979 3351 Τεγεατικὸν
1013 3284 1234 3337 πεδίον.
1282 3283 1591 3334 Testimonio
1615 3282 1778 3334 Photii
1810 3283 2043 3333 similiter
2067 3296 2188 3331 usus
2227 3288 2309 3332 est
2331 3280 2426 3332 Od.

317 3350 596 3401 Muellerus
621 3352 851 3403 Doricus.
874 3352 932 3414 ΙΙ,
957 3369 1005 3419 p.
1033 3352 1096 3401 70
1121 3359 1225 3402 not.
1250 3352 1299 3401 2.

458 3419 536 3481 15)
577 3418 673 3469 lam
698 3427 815 3470 aute
843 3420 1026 3470 bellum
1048 3420 1302 3470 Persicum
1329 3419 1631 3469 simultatem
1665 3419 1905 3485 quandam
1938 3417 2201 3468 exstitisse
2227 3415 2426 3481 Tegea·-

319 3490 480 3534 tarum
499 3493 674 3536 contra
686 3488 958 3553 Spartanos
977 3487 1278 3551 intelligitur
1296 3503 1360 3536 ex
1372 3487 1627 3536 Herodoto
1638 3485 1729 3549 lx,
1743 3485 1808 3536 39
1827 3484 2033 3537 ἐοῦσαν
2052 3480 2152 3535 οὐκ
2169 3479 2424 3554 ἀρθμίην

317 3550 834 3622 Λακεδαιμονίοισι
857 3557 1058 3607 τοῦτον
1080 3553 1179 3606 τὸν
1194 3549 1426 3622 χρόνον.
1473 3554 1751 3620 Propterea
1774 3561 1948 3621 postea
1968 3554 2304 3620 Leotychides
2329 3568 2421 3603 ex-

319 3619 400 3669 sul
424 3617 586 3671 factus
613 3623 759 3686 petiit
782 3622 1014 3686 Tegeam,
1038 3640 1086 3674 ν.
1112 3623 1297 3674 Herod.
1325 3621 1409 3683 vl,
1438 3622 1519 3672 72.

315 3753 361 3804 Α
419 3687 776 3808 111ἷῧ)6Εεκῗῗιιι3
792 3698 1019 3758 tempora
1051 3697 1246 3756 spectat
1275 3690 1663 3755 pulcherrimum
1697 3690 1994 3756 epigramma
2028 3689 2321 3753 Simonidis,
2372 3689 2422 3737 in

365 3761 419 3804 nt
454 3772 481 3805 o
507 3793 518 3805 .
593 3773 634 3807 r.
707 3795 721 3822 ,
782 3759 829 3821 5,

521 3823 715 3876 Τῶνδε
751 3821 821 3874 δι’
860 3821 1183 3893 ἀνθρώπων
1218 3820 1421 3893 ἀρετὰν
1457 3823 1559 3892 οὐχ
1596 3825 1742 3878 ἵκετο
1778 3821 1991 3882 καπνὸς

517 3893 722 3958 αἰθέρα
758 3891 1057 3961 δαιομένης
1091 3890 1396 3961 εὐρυχόρου
1435 3893 1657 3959 Τεγέης,

520 3959 579 4009 οἳ
611 3957 878 4025 βούλοντο
916 3955 1086 4012 πόλιν
1118 3961 1224 4029 μὲν
1259 3959 1547 4026 ἐλευθερίᾳ
1581 3962 1882 4016 τεθαλυῖαν

520 4029 686 4078 παισὶ
720 4028 920 4089 λιπεῖν,
959 4026 1119 4078 αὐτοὶ
1154 4025 1263 4080 δ’ἔν
1298 4022 1654 4097 προμάχοισι
1689 4031 1904 4080 θανεῖν.

2463 1159 2543 1202 405
