2867 4717
504 452 570 501 26
1336 454 1416 505 De
1454 454 1782 506 Hellanico

504 640 640 685 eum
668 623 923 686 Athenas
965 623 1340 687 contendisse
1388 622 1698 685 verisimile
1743 632 1850 698 est,
1891 623 2047 687 unde
2088 641 2325 687 omnem
2363 623 2612 689 Atticam

505 707 806 787 diligenter
834 709 1257 789 pervestigavit‚
1297 709 1464 772 cuius
1496 707 1822 788 diligentiae
1851 709 2270 774 documentum
2308 718 2433 773 erat
2461 730 2612 792 opus

504 793 630 856 eius
681 794 871 857 Atthis
922 794 1297 876 inscriptum,
1346 794 1782 858 nobilissimum
1832 795 2151 858 earundem
2203 796 2611 876 quaestionum

503 878 660 959 apud
690 880 1047 959 antiquiores
1078 880 1396 960 specimen,
1427 899 1571 961 quas
1601 886 1810 959 postea
1830 881 2101 963 impense
2122 882 2427 945 coluerunt
2448 881 2613 943 Pha-

501 965 816 1039 nodemus‚
847 966 1256 1039 Philochorus,
1290 965 1402 1028 alii.
1464 965 1664 1046 Neque
1692 973 1892 1029 tamen
1920 957 2062 1029 solis
2091 965 2333 1029 Athenis
2364 985 2611 1047 operam

504 1067 670 1112 suam
701 1050 962 1124 navabat,
993 1070 1196 1115 verum
1227 1059 1414 1115 cetera
1442 1050 1613 1112 etiam
1647 1050 1918 1115 Graeciae
1939 1053 2174 1133 oppida,
2204 1052 2256 1114 si
2285 1052 2444 1133 quod
2474 1063 2608 1113 mo-

503 1136 801 1198 numentis
830 1136 1108 1200 historiae
1136 1137 1387 1199 maxime
1417 1136 1644 1217 insigne
1681 1143 1823 1211 erat,
1868 1137 2213 1219 peragravit,
2255 1137 2427 1199 veluti
2467 1137 2610 1200 Car-

500 1222 882 1285 neonicarum
912 1222 1140 1286 tabulas
1170 1223 1426 1292 excussit
1456 1223 1717 1304 Spartae,
1752 1222 2136 1286 Sacerdotum
2164 1223 2407 1285 Iunonis
2436 1222 2610 1302 Argi-

500 1326 606 1370 vae
634 1308 1089 1371 commentarios
1117 1308 1407 1388 antiquos,
1449 1309 1606 1372 unde
1645 1327 1796 1389 opus
1839 1308 2319 1388 chronologicum
2362 1327 2610 1388 compo-

502 1393 638 1467 suit,
669 1394 837 1473 Argis
870 1400 1159 1457 scrutatus
1190 1400 1297 1467 est,
1340 1394 1675 1474 Thebisque
1717 1394 1889 1455 etiam
1918 1401 1976 1455 et
2002 1394 2063 1455 in
2094 1394 2372 1466 Phocide,
2416 1393 2609 1455 Thes-

504 1479 660 1552 salia,
691 1480 912 1542 Aetolia
940 1486 1203 1542 versatus
1233 1486 1370 1541 erat.
1430 1479 1589 1541 Num
1617 1499 1752 1542 vere
1779 1480 1969 1542 tradat
1997 1479 2223 1554 SuidaS,
2252 1478 2610 1541 Hellanicum

499 1564 562 1626 in
591 1565 717 1626 aula
748 1565 1051 1626 Perdiccae
1079 1565 1131 1627 11
1160 1564 1512 1644 aliquamdiu
1531 1565 1762 1639 vixisse,
1788 1565 2080 1627 incertum
2110 1572 2226 1639 est;
2255 1564 2455 1645 potius
2480 1583 2607 1626 cre-

502 1649 773 1723 diderim,
827 1650 1083 1711 Siciliam
1146 1657 1318 1728 atque
1366 1649 1587 1712 Italiam
1639 1650 1974 1712 inferiorem
2025 1650 2098 1711 ab
2151 1669 2223 1711 eo
2274 1655 2606 1730 peragratas

500 1755 659 1811 esse,
690 1743 844 1801 certe
873 1735 1204 1797 Hellanicus
1235 1735 1389 1796 inter
1417 1754 1522 1796 eos
1555 1743 1659 1809 est,
1689 1735 1785 1815 qui
1818 1736 1890 1797 de
1917 1735 2076 1797 Italia
2098 1735 2424 1816 fabulisque
2450 1735 2608 1797 Itali-

501 1820 584 1883 cis
615 1821 791 1901 primi
815 1820 1189 1883 commentati
1217 1827 1357 1882 sunt
1383 1822 1707 1884 accuratius
1727 1822 1805 1897 ⁷).
1862 1820 2015 1883 Num
2046 1820 2345 1882 Orientem
2375 1840 2609 1901 quoque

499 1905 708 1967 obierit
732 1925 837 1986 per
864 1905 1007 1967 mihi
1038 1905 1279 1968 dubium
1311 1912 1425 1980 est;
1454 1906 1586 1969 licet
1614 1924 1823 1968 omnes
1847 1924 1983 1968 eum
2013 1907 2085 1968 de
2106 1906 2382 1987 Aegypto,
2409 1906 2606 1985 Libya,

496 1991 783 2071 variisque
833 1990 1168 2052 nationibus
1206 1989 1473 2053 Asiaticis
1510 1992 1821 2073 scripsisse
1858 1992 2179 2065 affirment,
2221 2010 2371 2071 quos
2411 1998 2608 2053 tamen

494 2075 678 2137 libros
718 2075 1061 2138 subditicios
1098 2075 1281 2138 fuisse
1316 2076 1511 2150 facile,
1553 2077 1788 2158 opinor,
1838 2078 2158 2139 concedent
2196 2077 2296 2156 qui
2336 2076 2495 2158 quod
2538 2096 2608 2139 ex

495 2161 606 2222 illis
630 2168 816 2222 exstat
844 2162 1016 2240 paulo
1043 2160 1372 2240 diligentius
1399 2179 1629 2224 mecum
1663 2161 2036 2224 considerare
2062 2161 2259 2223 velint.

443 2277 467 2317 5
668 2242 873 2319 Quid?
905 2247 953 2306 si
984 2246 1144 2325 legas
1174 2247 1334 2319 haec,
1367 2265 1515 2326 quae
1541 2248 1696 2327 apud
1727 2247 2036 2308 Arrianum
2064 2247 2391 2309 Dissertatt.
2420 2247 2606 2328 Epict.

498 2330 567 2406 H,
607 2330 681 2391 19
725 2338 784 2394 et
822 2330 961 2393 Gell.
1001 2332 1069 2393 N.
1099 2333 1166 2394 A.
1196 2332 1255 2406 I,
1286 2331 1325 2392 2
1355 2351 1425 2392 ex
1465 2331 1826 2413 Aegyptiacis
1856 2331 2131 2394 Hellanici
2164 2332 2440 2408 citantur:
2480 2328 2609 2394 τῶν

501 2405 705 2477 ὄντων
744 2411 828 2478 τοὶ
866 2410 983 2496 μέν
1026 2409 1207 2480 ἐστιν
1252 2406 1505 2497 α’γαθά,
1550 2414 1634 2479 τὰ
1681 2412 1755 2481 δὲ
1798 2411 1999 2495 κακά,
2043 2412 2129 2478 τοὶ
2171 2407 2607 2502 ’δ’ἄδιάφορα·

503 2493 736 2581 ἀγαθὰ
777 2495 899 2581 μὲν
943 2491 1056 2563 οὖν
1107 2494 1178 2563 αἱ
1234 2491 1467 2584 ἀρεταὶ
1510 2498 1628 2565 καὶ
1667 2498 1753 2574 τὰ
1796 2496 2147 2582 μετέχοντα
2201 2492 2428 2579 αὐτῶν,
2484 2524 2608 2565 κα-

500 2580 588 2647 κά
632 2580 707 2647 δὲ
751 2580 985 2648 κακίαι
1028 2581 1144 2648 καὶ
1185 2581 1270 2647 τὰ
1312 2580 1666 2666 μετέχοντα
1709 2580 1965 2665 κακίας,
2011 2579 2354 2670 ἀδιάφορα
2409 2581 2485 2649 δὲ
2525 2584 2610 2649 τα

497 2666 741 2751 μεταξὺ
795 2665 1074 2749 τούτων,
1118 2666 1438 2749 πλοῦτος,
1490 2665 1741 2755 ὑγίεια,
1807 2663 1961 2755 ζωή,
2006 2665 2333 2748 θάνατος,
2387 2664 2610 2757 ἦδονή,

497 2751 732 2830 πόνοςε
776 2765 976 2819 utrum
1007 2775 1210 2818 censes
1256 2756 1398 2818 haec
1435 2757 1693 2837 priscam
1730 2757 2227 2838 logographorum
2268 2756 2609 2838 simplicita-

497 2849 618 2903 tem
648 2843 911 2905 redolere
941 2842 1324 2921 Stoicumque
1352 2840 1628 2906 Lesbium
1667 2850 1801 2905 ante
1833 2842 2065 2905 Stoicos
2105 2842 2403 2905 exstitisse
2421 2843 2497 2921 8),
2536 2859 2610 2905 an

637 3025 684 3087 7)
713 3026 1031 3089 „Auffallend
1058 3029 1175 3079 tritt
1198 3035 1344 3078 sonst
1367 3026 1658 3078 Hellanicus
1682 3030 1760 3080 als
1785 3030 1877 3079 der
1898 3029 2048 3080 Manu
2082 3030 2297 3093 hervor,
2335 3030 2427 3079 der
2458 3029 2612 3080 leicht

498 3110 577 3145 am
599 3094 815 3145 meisten
838 3095 968 3145 dazu
989 3096 1321 3161 beigetragen'
1338 3096 1500 3146 haben
1522 3098 1737 3161 miichte,
1762 3097 1843 3147 die
1868 3097 2097 3148 italische
2124 3095 2421 3147 Geschichte
2447 3098 2495 3146 in
2521 3098 2609 3147 das

497 3162 631 3215 Netz
657 3164 748 3212 der
770 3163 1113 3226 griechischen
1141 3163 1564 3228 Geschichtssage
1597 3181 1661 3215 zu
1696 3165 1890 3227 ziehen,
1916 3166 2005 3215 das
2031 3165 2104 3214 sie
2138 3180 2234 3214 nun
2260 3164 2398 3215 nicht
2419 3165 2612 3215 wieder

499 3232 757 3282 losliess.“
802 3230 888 3282 Sic
913 3231 1266 3284 Dahlmannus.
1315 3232 1425 3283 Sed'
1440 3234 1598 3297 magis
1624 3233 1774 3284 etiam
1798 3248 1858 3284 eo
1882 3233 2236 3299 pertinuerunt
2268 3232 2611 3283 commentarii

497 3299 729 3351 Antiochi
754 3297 1076 3365 Syracusani.

634 3367 684 3431 8)
709 3367 985 3418 Permirum
1005 3384 1102 3418 non
1122 3368 1390 3420 offendisse
1408 3370 1460 3420 in
1480 3370 1583 3421 illis
1600 3384 1760 3436 neque
1780 3369 2053 3433 Sturzium,
2078 3368 2161 3435 qui
2179 3365 2378 3419 scribitz
2402 3367 2610 3433 „Hella-

499 3436 640 3487 nicus
664 3436 818 3498 igitur
840 3434 1060 3487 fortasse
1084 3444 1264 3488 auctor
1294 3435 1392 3489 fuit
1421 3438 1559 3489 illius
1582 3438 1844 3502 dogmatis,
1877 3439 2006 3505 quod
2039 3444 2216 3508 postea
2249 3437 2300 3486 in
2327 3435 2612 3487 Stoicorum

500 3504 684 3555 scholis
710 3504 855 3554 valde
879 3504 1249 3571 frequentatum
1269 3504 1417 3573 fuit,“
1437 3522 1596 3572 neque
1613 3506 1988 3569 Dahlmannum,
2013 3507 2095 3572 qui
2114 3506 2187 3556 sic
2204 3504 2414 3556 iudicat:
2440 3504 2613 3566 „Der-

499 3573 726 3637 gleichen
750 3573 1024 3623 Ansichten
1053 3574 1162 3624 sind
1187 3574 1314 3624 eben
1341 3575 1479 3625 nicht
1500 3576 1565 3625 im
1590 3575 1745 3624 Sinne
1766 3574 2032 3638 Herodots‚
2057 3574 2258 3625 miissen
2276 3586 2369 3622 uns
2388 3571 2511 3623 aber
2533 3573 2613 3624 die

497 3640 900 3692 Perso'nlichkeit
923 3642 1012 3691 des
1037 3641 1326 3692 Hellanicus
1349 3644 1625 3694 anziehend
1648 3643 1852 3693 macheu
1862 3680 1877 3708 ‚
1909 3640 2131 3693 insofern
2165 3642 2240 3693 sie
2273 3655 2364 3691 aus
2400 3641 2498 3690 ihm
2522 3656 2612 3690 ur-

499 3709 788 3776 spriinglich
812 3710 1231 3774 hervorgingen.“
1296 3707 1430 3761 Idem
1454 3712 1585 3776 quod
1611 3717 1802 3774 censet,
1827 3710 2134 3762 Hellanicum
2170 3709 2487 3760 nihilominus
2511 3709 2605 3759 Ae·

499 3786 706 3846 gyptum
731 3793 978 3844 nunquam
1000 3779 1162 3843 ipsum
1185 3778 1371 3830 vidisse
1394 3780 1663 3844 putandum
1682 3793 1814 3841 esse,
1837 3779 1886 3828 id
1912 3779 1972 3828 de
1996 3786 2205 3830 auctore
2223 3778 2311 3828 illo
2331 3777 2613 3845 Aegyptia-

500 3863 670 3897 corum
703 3853 879 3911 aperte
909 3844 1090 3896 falsum
1126 3861 1239 3896 esse
1272 3846 1443 3910 arguit
1474 3846 1651 3896 titulus
1684 3842 1717 3912 ἡ
1752 3845 1833 3902 εἰς
1864 3838 2154 3916 Ἄμμωνος
2198 3842 2485 3912 ἀνάβασις.
2536 3842 2611 3895 Cf.

499 3914 753 3965 Plutarch.
789 3915 849 3963 de
881 3912 949 3964 ls.
985 3921 1038 3964 et
1070 3913 1205 3965 Osir.
1238 3930 1282 3964 c.
1308 3914 1374 3964 34
1407 3913 1503 3965 καὶ
1535 3913 1648 3982 γὰρ
1680 3913 1780 3967 τὸν
1803 3909 2029 3983 ’Όσιριν
2054 3906 2616 3982 Ἑλλάνικος”Υσιριν

499 3980 725 4033 ἔοικεν
760 3978 1135 4044 ἀκηκοέναι
1167 3977 1297 4032 ὑπὸ
1321 3982 1454 4034 τῶν
1490 3981 1726 4064 ἱερέων
1748 3980 2144 4050 λεγόμενον·
2174 3975 2321 4033 οὕτω
2344 3977 2420 4050 y&
2482 3975 2614 4032 ὀνο-

500 4044 693 4118 μάζων
719 4047 964 4102 διατελεῖ
983 4047 1083 4102 τὸν
1105 4046 1245 4102 θεόν
1269 4048 1349 4114 [cf.
1374 4051 1597 4116 PartheJi
1625 4059 1789 4101 notam
1815 4068 1863 4118 p.
1889 4050 2021 4114 2271.
2079 4050 2407 4101 personatum
2487 4048 2614 4098 ella-

501 4119 663 4170 nicum
685 4114 872 4182 fuisse,
906 4134 1002 4168 non
1027 4118 1178 4169 alium
1202 4119 1504 4170 recentioris
1529 4120 1711 4170 aetatis
1749 4120 2108 4184 cognominem,
2142 4118 2447 4182 intelligitur
2478 4116 2612 4178 inde,
