2867 4717
1013 396 1240 449 Lesbio
1276 398 1611 449 historico.
2300 399 2362 449 41

259 565 418 629 tibus
447 564 704 628 dirutam
743 582 878 627 esse
906 562 1142 626 Troiam
1187 565 1450 646 prodidit
1486 581 1675 646 neque
1718 566 1861 628 diris
1901 572 2250 628 exsecratam
2293 566 2366 629 ab

257 657 716 730 Agamemnone,
754 651 857 713 sed
887 650 1031 713 nihil
1058 648 1174 711 nisi
1204 658 1613 730 expugnatam.
1679 651 1915 731 Accepit
1952 652 2110 713 illam
2151 652 2365 714 famam

255 736 514 798 fortasse
549 736 624 798 ab
674 736 977 798 Iliensibus
1025 736 1347 814 novisw),
1386 753 1536 815 quos
1577 737 1675 817 qui
1712 738 2034 799 Homerum
2077 737 2367 798 curiosius

256 822 810 924 interpretabantur,
841 821 1146 883 ambitiose
1176 819 1316 882 illud
1347 821 1585 882 finxisse
1616 822 2070 925 contendebant,
2102 841 2153 883 v.
2179 822 2367 884 Strab.

260 897 324 968 οἶ
371 901 449 968 δὲ
491 908 602 968 νῦν
638 898 853 981 Ἰλιεῖς
890 901 1397 1010 φιλοδοξοῦντες
1438 900 1555 969 καὶ
1583 900 1893 981 θέλοντες
1930 895 2100 968 εἶναι
2129 900 2371 1009 ταύτην

251 987 373 1075 τήν
419 987 717 1054 παλαιᾶν
759 985 1314 1094 παρεσχήκασι
1355 985 1590 1095 λόγον
1634 991 1777 1065 τοῖς
1818 985 1892 1053 ἐκ
1934 988 2051 1095 τῆς
2084 984 2368 1096 Ὁμήρου

252 1070 595 1178 ποιήσεως
634 1072 1196 1179 τεκμαιρομένοις·
1229 1067 1307 1139 οὔ
1336 1071 1460 1157 γὰρ
1490 1068 1702 1139 ἔοικεν
1731 1068 1891 1160 αὕτη
1924 1065 2098 1138 εἶναι
2126 1099 2164 1161 η
2207 1068 2365 1139 καθ’

252 1153 563 1244 Ὅμηρον.
630 1162 802 1223 Vides
836 1152 1127 1246 ἀπορίαν
1154 1161 1357 1235 fuisse,
1389 1162 1452 1222 in
1481 1180 1593 1241 qua
1622 1162 2016 1241 patefacienda
2041 1163 2197 1242 quod
2229 1162 2368 1225 Hel-

250 1246 541 1321 lanicum,
582 1265 756 1326 quem
798 1265 970 1309 suum
1017 1247 1237 1308 scilicet
1280 1253 1493 1309 testem
1516 1246 1939 1350 producebant
1975 1247 2242 1321 Ilienses,
2284 1249 2369 1310 sic

250 1332 569 1411 scripsisse
593 1332 895 1395 contendit
913 1326 1342 1413 χαριζόμενον
1361 1331 1505 1406 τοῖς
1516 1323 1800 1408 Ἰλιεῦσι,
1831 1332 1928 1393 id
1913 1352 2108 1413 ipsum
2135 1334 2371 1414 scripsit

249 1418 646 1483 contentiose
713 1418 847 1478 Non
897 1417 1065 1478 video
1117 1416 1384 1497 equidem
1439 1416 1577 1496 quid
1629 1417 1740 1479 illis
1783 1418 2181 1516 temporibus,
2235 1426 2368 1480 ante

247 1502 644 1564 Alexandrum
674 1502 946 1581 Magnum
968 1503 1090 1582 ⁸⁷),
1130 1503 1202 1564 ab
1239 1502 1548 1564 Iliensibus
1579 1501 1690 1564 sibi
1728 1503 2035 1565 conciliare
2073 1504 2364 1584 quispiam

245 1587 531 1667 potuerit,
561 1587 676 1649 nisi
704 1587 1016 1667 gratiarum
1047 1589 1335 1650 actionem
1367 1587 1648 1649 humilem
1673 1595 1845 1686 atque
1870 1589 2223 1651 submissam
2246 1591 2271 1630 ³
2288 1591 2365 1661 8).

246 1706 330 1718 --
362 1672 635 1734 Ceterum
666 1672 876 1735 Troica
905 1673 1060 1735 idem
1093 1672 1303 1735 Strabo
1334 1672 1660 1753 respexerit
1688 1674 1859 1735 etiam
1891 1674 1961 1748 Χ,
1990 1693 2049 1778 p.
2076 1675 2199 1736 456
2233 1666 2366 1737 οὐδ’

258 1749 640 1833 Ἑλλάνικος
675 1749 1041 1844 Ὁμηρικός,
1086 1749 1446 1838 Δουλίχιον
1486 1754 1602 1844 τήν
1646 1752 2109 1843 Κεφαλληνίαν
2142 1752 2365 1841 λέγων.

768 1965 839 2030 11.
900 1966 1152 2030 OPERA
1197 1964 1851 2030 CHOROGRAPHICA.

1156 2100 1204 2137 a.
1237 2085 1473 2136 Atthis.

423 2188 689 2252 Citantur
737 2188 869 2252 libri
919 2196 1198 2270 quatuor,
1252 2207 1509 2269 quorum
1554 2189 1783 2269 primus
1836 2190 2369 2268 comprehendebat

241 2284 519 2354 tempora
546 2274 827 2350 fabulosa,
855 2276 1150 2337 secundus
1181 2275 1241 2337 in
1265 2292 1551 2354 pagorum
1582 2274 1833 2336 maxime
1855 2275 2178 2337 Atticorum
2212 2275 2364 2337 anti·
2394 2277 2446 2316 ²³

243 2360 569 2441 quitatibus
589 2360 948 2422 versabatur.
994 2361 1075 2422 De
1096 2360 1249 2422 tertii
1272 2367 1329 2421 et
1350 2359 1542 2439 quarti
1564 2368 1910 2439 argumento
1933 2378 2143 2439 parum
2160 2360 2365 2441 liquet3

243 2447 351 2508 sed
388 2453 620 2507 constat
648 2446 944 2508 Atthidem
974 2444 1254 2507 Hellanici
1285 2445 1457 2507 etiam
1490 2446 1561 2506 de
1585 2446 1832 2507 coloniis
1873 2446 1934 2505 in
1962 2444 2188 2507 Ioniam
2220 2446 2366 2507 mis-

244 2532 327 2593 sis
365 2531 554 2611 deque
583 2530 745 2591 bellis
774 2530 1027 2592 Persicis
1057 2537 1115 2593 et
1144 2549 1291 2612 quae
1320 2537 1518 2593 secuta
1548 2538 1715 2592 erant
1743 2549 1930 2611 usque
1967 2530 2037 2591 ad
2069 2549 2234 2592 suam
2266 2551 2368 2592 ae-

240 2624 429 2678 tatem
461 2634 976 2678 commemorasse.
1038 2616 1308 2678 Ceterum
1350 2617 1510 2696 quod
1550 2616 1703 2695 apud
1735 2615 1913 2677 Clem.
1953 2615 2109 2677 Alex.
2149 2616 2367 2678 Strom.

242 2702 335 2776 VI,
370 2720 429 2780 p.
464 2701 588 2762 752
619 2701 837 2763 Potter.
880 2721 912 2763 a
945 2701 1328 2779 Melesagora,
1369 2701 1778 2781 antiquissimo
1820 2719 2016 2762 rerum
2047 2701 2365 2762 Atticarum

242 2794 508 2861 auctore,
538 2786 820 2848 nonnulla
849 2786 1072 2849 furatus
1101 2806 1234 2848 esse
1262 2785 1497 2859 dicitur,
1527 2785 1585 2846 id
1613 2804 1785 2865 quam
1809 2784 1923 2846 vim
1950 2784 2162 2847 habeat
2183 2805 2367 2867 appa-

243 2880 337 2933 ret
370 2891 440 2933 ex
471 2890 563 2944 eo,
595 2871 756 2952 quod
786 2868 1004 2933 cohors
1034 2872 1390 2952 scriptorum
1422 2869 1926 2932 nobilissimorum
1958 2869 2220 2932 eiusdem
2251 2891 2368 2934 una

244 2976 384 3019 cum
417 2957 715 3018 Hellanico
748 2957 1008 3018 criminis
1041 2964 1407 3019 accusantur.
1469 2955 1608 3017 Sine
1638 2955 1816 3017 dubio
1848 2955 1897 3016 si
1929 2955 2061 3035 quis
2101 2966 2237 3019 ante
2274 2958 2368 3039 ip-

245 3061 385 3104 sum
419 3041 492 3103 de
520 3042 696 3103 rebus
718 3042 921 3104 Atticis
954 3043 1144 3104 editus
1176 3049 1302 3104 erat
1331 3041 1806 3115 commentarius,
1836 3060 1968 3102 eum
1997 3043 2368 3119 consultavit3

243 3128 568 3189 maximam
597 3145 734 3188 vero
764 3127 1132 3189 notationum
1167 3135 1392 3207 partem
1433 3127 1704 3188 credibile
1746 3134 1836 3187 est
1873 3126 1943 3187 ab
1983 3126 2114 3204 ipso
2157 3127 2365 3189 collec-

241 3218 368 3274 tam
397 3231 535 3273 esse
562 3211 737 3292 idque
766 3219 1290 3274 monumentorum
1322 3212 1697 3291 potissimum
1730 3210 2062 3289 cognitione
2094 3209 2364 3290 diligenti.

417 3297 485 3357 In
525 3297 766 3358 exordio
810 3298 1005 3378 operis
1054 3298 1126 3359 de
1169 3297 1586 3360 autochthonia
1623 3294 2063 3358 Atheniensium
2111 3296 2366 3359 fortasse

241 3382 582 3462 disputavit,
611 3373 1609 3466 v.11arpocr.v.a13vo'x.90veg‚et
1646 3383 1718 3443 de
1750 3382 1971 3461 Ogyge,
2014 3400 2364 3464 quamquam

244 3600 364 3656 δῶν
396 3595 727 3685 ἀφειμένων
759 3600 820 3654 ἐκ
849 3604 947 3688 τῆς
973 3599 1240 3663 Ἑλλάδος
1271 3600 1385 3657 ὑπὸ
1411 3603 1846 3672 Νεοπτολέμου,
1883 3600 2141 3675 κατάγων
2166 3601 2367 3663 αὐτοὺς

243 3668 341 3722 ἐπὶ
365 3664 472 3732 τὴν
496 3686 766 3752 πατρῳαν
790 3666 929 3741 ἀρχὴ
896 3688 968 3736 ην
990 3674 1069 3729 εἰς
1097 3675 1310 3740 Τροίαν
1333 3669 1670 3741 ἀφικνεῖται.

381 3736 469 3800 36)
506 3737 602 3789 Fal
584 3740 711 3790 lsam
741 3739 1203 3806 interpretationem
1240 3741 1443 3792 Homeri
1486 3740 1694 3791 subesse
1725 3740 2005 3792 arbitratur
2038 3743 2278 3794 Lehrsius
2315 3743 2364 3793 in

241 3806 429 3926 Ιοιὶτιιιιίἰίε
452 3805 735 3858 Aristarchi
761 3824 809 3873 p.
836 3809 935 3858 244
961 3825 1052 3875 sq„
1076 3809 1161 3859 ubi
1187 3826 1233 3861 v.
1260 3811 1321 3860 de
1347 3809 1593 3860 similibus
1617 3808 1895 3861 commissis
1917 3811 2133 3877 Eudoxi,
2158 3812 2362 3877 Ephori,

317 3889 478 3925 orum.

381 3941 468 4005 37)
497 3941 695 4008 [Videq
698 3959 791 3994 uos
816 3945 940 3995 citat
962 3944 1184 3997 Klausen
1208 3946 1408 3997 Aeneas
1432 3943 1596 4008 1‚65.]

381 4008 465 4073 38)
493 4008 588 4074 [Cf.
623 4011 837 4063 Boeckh.
871 4012 1019 4081 Corp.
1047 4013 1298 4080 Inscr.11,
1326 4028 1375 4081 p.
1401 3982 1522 4066 87'8.
1555 4012 1800 4065 Welcker
1828 4013 1995 4065 kleine
2020 4012 2270 4067 Schriften
2304 4014 2363 4080 Π,

244 4092 295 4144 1)-
317 4075 433 4132 v111
456 4094 534 4147 sq.
558 4086 614 4130 et
634 4077 900 4145 xxxlv.]
