2867 4717
1008 387 1262 442 Lesbio
1308 387 1658 441 historico.
2350 387 2420 442 55

295 551 710 624 praeterquam
742 543 900 622 quod
922 543 1302 604 manifestum
1326 550 1433 613 est,
1464 542 1815 620 scriptorem
1844 560 2091 620 prorsus
2122 543 2292 603 aliam
2321 562 2419 605 ra-

292 630 522 690 tionem
552 629 615 689 in
647 629 831 689 altero
863 636 1127 688 secutum
1158 646 1308 701 esse,
1337 628 1506 688 aliam
1536 628 1596 688 in
1630 627 1829 688 altero.
1889 626 2028 687 Sine
2058 628 2234 688 dubio
2266 629 2419 689 mul·
2450 651 2506 695 ω

295 721 391 775 tae
433 732 530 774 res
573 731 924 774 communes
964 719 1129 773 erant
1165 712 1494 773 Phoronidi
1536 720 1594 772 et
1627 712 2072 785 Sacerdotibus;
2111 712 2216 772 sed
2264 712 2420 775 idem

296 798 454 859 cadit
484 799 543 858 in
572 798 1050 869 Deucalioneam,
1095 798 1155 856 in
1196 796 1434 869 Troica,
1475 814 1730 875 quorum
1769 802 2107 874 argumenta
2148 815 2216 856 ex
2257 806 2421 875 parte

294 883 714 961 repetebantur
735 883 797 942 in
828 881 1267 953 Sacerdotibus3
1298 899 1488 960 neque
1518 881 1761 940 omnino
1793 900 1989 941 rerum
2022 880 2247 941 delectu
2276 900 2419 961 pro-

293 968 515 1045 prietas
545 967 722 1026 huius
756 966 949 1044 operis
981 966 1341 1026 aestimanda
1370 974 1479 1037 est,
1508 965 1611 1026 sed
1643 965 1751 1037 via,
1783 984 1893 1043 qua
1925 966 1985 1025 in
2014 965 2191 1025 rebus
2214 965 2420 1045 dispo-

294 1050 511 1111 nendis
550 1070 697 1111 usus
735 1058 886 1122 erat,
930 1050 1361 1128 chronologica.
1449 1050 1688 1111 Videtur
1727 1051 1880 1110 enim
1922 1049 2092 1128 quasi
2134 1068 2419 1112 canonem

292 1136 407 1195 sibi
435 1136 739 1207 fundasse,
772 1153 889 1213 quo
921 1154 1066 1214 quae
1097 1136 1301 1209 ceteris
1331 1134 1495 1195 libris
1526 1135 1838 1212 separatim
1869 1141 2108 1195 tractata
2131 1142 2312 1206 erant,
2344 1136 2418 1196 ad

292 1238 486 1280 unum
519 1228 907 1298 conspectum
939 1227 1207 1298 certaque
1229 1228 1565 1298 temporum
1588 1219 1877 1279 intervalla
1901 1226 2417 1297 componerentur.

294 1305 426 1377 Qua
454 1305 517 1364 in
546 1323 610 1364 re
640 1312 923 1383 quantum
954 1323 1023 1363 ex
1061 1304 1208 1382 ipsis
1250 1304 1624 1365 sacerdotum
1660 1303 1871 1364 tabulis
1911 1310 2139 1381 praeter
2176 1304 2418 1365 nomina

293 1406 700 1466 numerosque
729 1406 1042 1460 annorum,
1081 1388 1290 1467 quibus
1331 1389 1556 1465 singula
1598 1388 1920 1449 sacerdotia
1952 1386 2109 1447 finita
2141 1395 2324 1460 erant,
2355 1388 2418 1450 in

292 1492 472 1534 suum
503 1491 675 1533 usum
710 1472 1088 1546 converterit,
1126 1474 1354 1533 difficile
1397 1474 1553 1534 dictu
1594 1480 1700 1533 est.
1768 1472 1987 1533 Credas
2026 1479 2222 1532 tamen
2264 1472 2418 1533 anti-

292 1558 505 1636 quiora
533 1557 787 1617 maxime
808 1564 1076 1635 tempora
1105 1566 1165 1617 et
1190 1577 1286 1619 eas
1314 1558 1538 1618 fabulas
1569 1564 1742 1638 atque
1764 1556 2127 1629 traditiones,
2169 1573 2315 1635 quae
2345 1557 2417 1618 ad

289 1643 545 1720 Argivos
568 1642 1031 1720 Argivorumque
1062 1660 1222 1702 sacra
1254 1649 1311 1702 et
1341 1662 1477 1703 cum
1509 1642 1721 1702 exteris
1750 1640 2088 1701 nationibus
2120 1659 2417 1703 commer-

290 1726 383 1787 cia
412 1726 791 1805 pertinerent,
823 1726 894 1785 ad
925 1745 1100 1786 usum
1129 1726 1473 1805 logographi
1512 1726 1583 1786 ab
1614 1726 1760 1805 ipsis
1802 1724 2203 1786 sacerdotibus
2244 1744 2415 1805 praef

289 1819 494 1889 parata
523 1810 729 1882 fuisse,
762 1816 827 1870 ut
853 1818 992 1871 sunt
1021 1811 1081 1870 in
1112 1810 1304 1871 fabula
1329 1811 1449 1881 Ius,
1481 1810 1701 1882 Persei,
1732 1810 2014 1881 HerculiS,
2044 1811 2105 1869 in
2129 1816 2413 1871 stemma-

286 1895 369 1957 tis
399 1894 892 1968 Phoronidarum,
924 1912 1071 1973 quae
1100 1895 1330 1955 doctam
1363 1895 1654 1974 quandam
1680 1893 1932 1972 speciem
1958 1912 2097 1972 prae
2119 1912 2183 1953 se
2209 1894 2415 1967 ferant,

287 1979 507 2059 partim
535 1979 1030 2057 chronologicam,
1061 1980 1273 2058 partim
1307 1980 1754 2057 geographicam
1788 1985 1962 2056 atque
1992 1978 2415 2057 ethnographi-

287 2083 421 2124 cam
441 2065 466 2103 6
487 2066 564 2139 ⁷),
593 2082 838 2142 eamque
866 2064 1060 2137 talem,
1085 2071 1296 2124 utnon
1320 2084 1390 2124 ex
1422 2065 1820 2142 posteriorum
1845 2062 2201 2142 scriptorum
2229 2064 2412 2123 inter-

286 2149 720 2227 pretationibus
755 2155 897 2220 orta,
929 2148 1032 2208 sed
1062 2148 1210 2224 ipsis
1241 2148 1349 2209 illis
1379 2147 1718 2208 fictionibus
1748 2147 1922 2207 insita
1951 2154 2009 2207 et
2030 2166 2161 2208 vera
2185 2147 2413 2208 indoles

288 2251 498 2293 earum
539 2252 671 2292 esse
710 2232 992 2292 videatur.
1067 2232 1223 2292 Talia
1262 2232 1624 2293 Hellanicum
1659 2232 1718 2292 in
1749 2251 1849 2292 sua
1883 2231 2177 2293 volumina
2208 2239 2411 2293 trans—
2439 2255 2491 2296 ιο

287 2318 608 2395 scripsisse
639 2316 1001 2387 crediderim,
1035 2317 1136 2376 sed
1169 2316 1465 2377 addidisse
1495 2316 1744 2394 plurima
1773 2335 2025 2395 eumque
2055 2316 2111 2377 in
2142 2318 2409 2388 modum,

283 2409 357 2462 ut
384 2402 704 2478 angustior,
735 2418 850 2478 quo
881 2400 1231 2478 Argivorum
1264 2400 1457 2461 studia
1487 2400 1952 2472 continebantur,
1988 2400 2148 2460 orbis
2178 2402 2251 2462 ad
2282 2420 2408 2462 am-

284 2486 477 2546 bitum
519 2486 691 2561 longe
721 2485 1088 2562 ampliorem,
1132 2503 1247 2563 quo
1281 2486 1710 2545 diversissimae
1749 2492 1975 2563 gentes,
2017 2491 2232 2556 terrae,
2274 2504 2410 2546 aeva

285 2570 942 2648 comprehenderentur,
989 2576 1337 2646 patesceret,
1369 2569 1621 2648 denique
1654 2575 1721 2629 ut
1750 2569 2091 2629 universalis
2125 2570 2410 2647 quaedam

282 2654 553 2723 historia,
586 2653 768 2733 qualis
799 2654 1035 2732 quidem
1064 2654 1134 2713 ab
1164 2654 1461 2714 Hellanico
1493 2653 1645 2713 effici
1674 2661 1918 2732 poterat,
1950 2652 2410 2713 adumbraretur.

463 2739 841 2817 Singulorum
871 2737 1158 2798 librorum
1189 2745 1533 2815 argumenta
1563 2744 1736 2816 atque
1771 2737 2058 2809 terminos
2098 2736 2149 2796 si
2179 2737 2410 2814 quaeri-

425 2934 509 2996 67)
546 2936 667 2986 Eius
692 2938 893 3000 generis
917 2945 1035 3002 sunt
1058 2953 1183 3002 quae
1218 2937 1386 2988 delus
1420 2934 1537 2999 fuga
1572 2943 1843 2986 narrantur
1866 2938 2025 3001 deque
2059 2938 2408 3003 procreatione

285 3004 494 3068 Epaphi,
523 3003 754 3071 Aegypti,
790 3005 972 3070 Danai,
1005 3008 1066 3055 de
1100 3006 1273 3055 Persei
1307 3003 1426 3055 fatis
1464 3012 1586 3066 etc.,
1627 3019 1753 3070 quae
1787 3019 1846 3053 eo
1881 3011 2106 3070 tempore
2140 3006 2257 3055 ficta
2292 3021 2407 3055 esse

284 3078 425 3136 puto,
451 3086 549 3136 quo
579 3070 800 3122 Orientis
827 3088 936 3137 res,
973 3089 1064 3138 per
1099 3073 1375 3122 Phoenices
1412 3073 1651 3135 maxime,
1689 3071 1899 3122 Graecis
1932 3075 2141 3136 primum
2173 3074 2405 3122 innotue-

285 3145 431 3197 runt,
467 3139 774 3204 potissimum
800 3140 1034 3204 Argivis,
1067 3141 1353 3205 quibuscum
1389 3139 1717 3189 Phoenicibus
1742 3147 1860 3189 tunc
1883 3139 2144 3204 plurimum
2169 3155 2410 3190 commer-

284 3206 416 3255 cium
443 3213 579 3268 erat,
607 3208 858 3257 v:Herod.
887 3210 1046 3269 initio,
1069 3211 1415 3263 Φοίνικας-
1442 3204 1851 3276 ἀπαγινέοντας
1875 3208 2088 3272 φορτία
2114 3202 2408 3289 Alpinae?

283 3288 343 3323 τε
368 3273 463 3322 καὶ
489 3268 755 3341 Ἀσσύρια
787 3276 850 3343 τῇ
876 3292 934 3326 τε
965 3269 1101 3344 ιῗὶλλῃ
1124 3270 1286 3357 χώρῃ
1311 3274 1751 3325 ἐσαπικνέεσθαι
1782 3273 1876 3322 καὶ
1899 3268 1968 3336 δὴ
1993 3275 2086 3322 καὶ
2118 3271 2174 3330 ἐς
2210 3280 2407 3340 Αργος.

283 3337 347 3389 τὸ
376 3338 441 3391 δὲ
470 3333 666 3408 Ἄργος
688 3343 892 3395 τοῦτον
914 3341 1014 3394 τὸν
1029 3359 1244 3409 χρονον
1269 3344 1500 3408 προεῖχε
1535 3336 1719 3392 ἅπασι
1744 3341 1850 3391 τῶν
1883 3339 1944 3391 ἐν
1977 3340 2041 3409 τῇ
2066 3342 2166 3393 νῦν
2184 3337 2410 3393 Ἑλλάδι

282 3408 596 3478 καλεομένῃ
614 3405 798 3479 χώρῃ,
848 3427 975 3478 quae
1010 3412 1053 3460 si
1089 3427 1184 3459 non
1221 3411 1281 3459 de
1307 3409 1473 3459 Inachi
1497 3416 1647 3476 atque
1671 3408 1753 3459 Ius
1779 3409 2110 3474 temporibus,
2153 3417 2318 3460 tamen
2343 3411 2406 3460 de

281 3476 347 3525 iis
374 3477 605 3540 optimam
633 3478 778 3527 fidem
806 3481 1010 3542 habent,
1035 3479 1096 3528 de
1123 3478 1299 3543 quibus
1325 3493 1483 3543 nuper
1513 3479 1862 3527 disseruerunt
1895 3476 2171 3527 Boeckhius
2205 3478 2406 3543 Disqui·

283 3544 392 3593 citt.
430 3545 697 3608 metrolog.
734 3561 782 3610 p.
819 3547 1002 3611 33sqq.
1037 3554 1090 3596 et
1123 3546 1215 3595 Od.
1242 3544 1518 3594 Muellerus
1542 3546 1590 3594 in
1617 3560 1754 3594 cens,
1780 3545 1949 3608 operis
1975 3545 2187 3594 Boeckh.
2222 3546 2406 3596 Notitt.

281 3611 386 3662 litt.
414 3609 639 3674 Gotting.
673 3612 817 3677 1839,
846 3630 894 3663 n.
921 3616 986 3662 94
1005 3620 1058 3663 et
1082 3612 1165 3662 95.
1224 3613 1410 3662 Eodem
1445 3615 1666 3677 pertinet
1699 3614 1827 3677 quod
1860 3609 2027 3661 fabula
2053 3613 2283 3663 Herculis
2309 3613 2408 3661 Ar-

282 3678 387 3740 givi
432 3694 541 3728 cum
576 3681 736 3729 sacris
770 3679 971 3730 Iunonis
1013 3681 1415 3730 coniunctissima
1451 3688 1554 3742 est,
1597 3678 1660 3730 cf.
1695 3681 1927 3745 Apollod.
1961 3680 2018 3743 ll,
2053 3682 2101 3743 5,
2128 3680 2159 3729 9
2185 3696 2311 3746 sqq„
2353 3687 2408 3730 et

282 3745 664 3807 chronologicas
698 3750 823 3798 adeo
858 3749 1091 3813 quasdam
1131 3749 1354 3797 rationes
1381 3750 1633 3812 sequitur,
1665 3765 1713 3797 v.
1746 3748 1978 3813 Apollod.
2005 3746 2069 3811 11,
2097 3748 2147 3809 4,
2173 3747 2204 3796 9
2248 3746 2307 3798 ἐν
2342 3745 2405 3798 δὲ

283 3815 406 3867 τοῖς
448 3813 762 3875 βουκολίοις
799 3811 1073 3882 ὑπάρχων
1106 3812 1607 3877 ὀκτωκαιδεκαέτης
1646 3810 1743 3865 τὸν
1774 3811 2192 3879 Κιθαιρώνειον
2223 3811 2405 3866 ἀνεῖλε

283 3878 572 3942 λέοντα,ΙΙ,
599 3882 655 3942 5,
686 3882 741 3930 11
780 3883 1155 3934 τελεσθέντων
1188 3881 1251 3932 δὲ
1285 3882 1395 3934 τῶν
1427 3877 1622 3934 ἄθλων
1644 3881 1728 3934 ἑνὶ
1756 3883 1892 3950 μηνὶ
1925 3884 2017 3931 καὶ
2053 3880 2231 3933 ἔτεσιν
2264 3879 2405 3933 ὀκτώ

284 3946 489 4006 (similia
528 3949 724 3999 notavit
752 3950 993 4000 Welcker
1020 3952 1108 4015 Ep.
1137 3950 1276 4016 Cycl.
1302 3967 1350 4015 p.
1377 3950 1478 4014 91).
1550 3949 1625 4001 Cf.
1666 3952 1815 4001 etiam
1851 3950 2037 4000 Herod.
2071 3949 2129 4013 11,
2164 3950 2257 3999 145
2293 3967 2403 4002 cum

283 4020 402 4063 nota
430 4013 662 4064 Muelleri
688 4017 807 4067 Dor.
834 4018 894 4082 11,
920 4034 968 4083 p.
995 4018 1180 4083 470sq.
