2867 4717
448 432 553 488 140
1310 437 1405 490 De
1444 451 1683 490 caussa

341 611 421 653 τοι
447 591 604 653 tibus
643 595 764 651 tam
808 590 1270 665 vehementibuS,
1318 599 1385 654 ut
1422 610 1557 653 cum
1603 590 1978 652 Maenadibus
2023 598 2459 671 componantur
2474 595 2552 673 ⁷).

446 676 580 737 Scio
605 674 999 752 Boettigerum
1030 694 1215 754 genus
1248 677 1543 756 quoddam
1576 674 1898 737 saltationis
1922 694 2119 736 sacrae
2148 684 2553 740 commentum

449 780 597 832 esse,
632 778 748 839 quo
784 760 1112 841 Caryatidas
1143 761 1316 822 simul
1347 769 1509 823 artus
1540 760 1804 834 iactasse,
1837 760 2009 822 simul
2039 760 2102 821 in
2133 762 2417 842 capitibus
2446 781 2552 824 ne-

449 845 572 907 scio
605 844 742 924 quid
773 863 967 906 sacrae
998 845 1366 927 supellectilis
1399 853 1758 908 sustentasse
1780 846 2006 920 statuit3
2037 846 2141 907 sed
2164 865 2371 908 vereor
2400 854 2464 910 ut
2492 847 2553 909 in

447 929 846 991 monumentis
870 931 1078 992 artium
1102 931 1467 1011 reperiantur
1486 933 1703 1010 figurae
1724 930 1812 991 vel
1835 930 2359 1009 adimaginandum
2386 951 2550 993 com-

445 1013 873 1095 plicatissimae.
932 1016 1122 1076 Immo
1163 1015 1597 1077 accuratissime
1635 1016 2108 1094 distinguendum
2148 1015 2373 1077 videtur
2399 1017 2553 1077 inter

447 1099 774 1179 Caryatidas
804 1099 1078 1160 saltantes
1108 1105 1166 1161 et
1195 1101 1457 1181 epistylia
1488 1107 1806 1178 portantes.
1866 1100 2056 1161 Etiam
2086 1099 2311 1161 illarum
2340 1100 2551 1179 imagi-

445 1203 551 1245 nes
584 1192 1002 1261 expresserunt
1029 1185 1274 1246 artifices
1305 1186 1531 1258 Graeci,
1563 1186 1667 1246 sed
1698 1184 2103 1246 diversissimo
2137 1184 2209 1245 ab
2234 1186 2316 1246 eis
2341 1185 2545 1263 signiS,

447 1269 630 1349 qualia
664 1268 990 1347 Polycletus
1020 1277 1078 1330 et
1107 1269 1330 1349 Scopas
1362 1270 1637 1342 fecerant,
1669 1268 1886 1330 habitu.
1946 1269 2045 1329 Sic
2072 1269 2415 1330 Praxitelem
2453 1289 2550 1330 ac-

446 1354 696 1431 cipimus
736 1352 1063 1433 Caryatidas
1100 1354 1333 1428 fecisse,
1385 1356 1488 1415 sed
1530 1361 1965 1434 componuntur
2009 1353 2155 1415 haec
2201 1355 2364 1432 signa
2417 1373 2551 1415 cum
2623 1399 2632 1404 -

443 1437 818 1499 Maenadibus
858 1445 915 1498 et
944 1437 1309 1516 ThyadibuS,
1345 1458 1397 1499 v.
1429 1439 1576 1500 Plin.
1606 1440 1675 1499 N.
1706 1439 1776 1499 H.
1806 1437 2071 1509 XXXVI,
2113 1441 2179 1511 4,
2210 1439 2248 1499 5
2283 1439 2551 1511 „Romae

443 1522 744 1583 Praxitelis
787 1541 966 1603 opera
998 1531 1135 1584 sunt
1161 1558 1243 1571 —-
1274 1530 1332 1583 et
1358 1524 1663 1585 Maenades
1706 1531 1764 1584 et
1793 1541 1936 1602 quas
1967 1523 2233 1601 Thyadas
2262 1529 2470 1584 vocant
2496 1529 2554 1584 et

445 1607 814 1686 Caryatidas“
844 1607 1178 1686 similesque
1199 1609 1413 1686 figuras
1443 1608 1629 1669 fuisse
1653 1607 1920 1670 credibile
1948 1615 2039 1668 est
2067 1626 2212 1686 quas
2242 1608 2305 1668 in
2333 1607 2548 1668 annulo

342 1732 350 1738 -
444 1691 703 1753 Clearchi
735 1691 1005 1771 Spartani
1036 1693 1291 1772 sculptas
1319 1693 1505 1753 fuisse
1535 1700 1772 1755 auctore
1796 1693 1983 1754 Ctesia
2012 1699 2301 1753 memorat
2322 1692 2550 1753 Plutar-

357 1822 368 1830 .
447 1777 593 1838 chus
617 1795 668 1837 V.
684 1777 880 1837 Artax.
904 1796 954 1837 c.
983 1776 1090 1838 18:
1115 1771 1228 1839 καὶ
1252 1771 1367 1838 τὸν
1391 1772 1746 1839 δακτύλιον
1771 1770 1950 1860 αὐτῷ
1974 1772 2203 1838 δοῦναι
2228 1770 2552 1856 σύμβολον

447 1854 681 1945 φιλίας
718 1856 888 1944 πρὸς
925 1857 1080 1935 τοὺς
1108 1855 1175 1923 ἒν
1203 1855 1676 1940 Λακεδαίμονι
1721 1860 2039 1943 συγγενεῖς
2085 1856 2201 1922 καὶ
2250 1853 2550 1934 οἰκείους,

448 1934 621 2008 εἶναι
661 1942 734 2008 δὲ
763 1942 1012 2030 γλυφὴν
1041 1941 1109 2008 ἐν
1135 1944 1219 2031 τῇ
1248 1945 1567 2030 σφραγῖδι
1598 1941 2023 2029 Καρυάτιδας
2063 1939 2457 2027 ὅρχουμένας
2475 1947 2550 2022 8).

447 2030 618 2092 Enim
650 2050 786 2092 vero
818 2032 961 2092 tales
991 2034 1207 2111 figuras
1231 2032 1474 2093 minime
1502 2032 1743 2093 idoneas
1766 2031 1967 2105 fuisse,
1997 2048 2145 2109 quae
2174 2031 2245 2091 ab
2267 2031 2551 2092 architec-

441 2117 519 2177 tis
549 2133 660 2194 pro
692 2116 981 2178 columnis
1010 2125 1461 2195 usurparentur,
1506 2136 1637 2179 cum
1670 2135 1774 2195 per
1814 2135 1877 2177 se
1907 2118 2048 2176 satis
2082 2123 2381 2194 appareat,
2421 2122 2549 2175 tum

446 2207 651 2261 contra
680 2200 983 2261 Carellium
1020 2201 1225 2262 similia
1266 2221 1399 2263 cum
1429 2202 1761 2280 Boettigero
1801 2200 2227 2261 machinantem
2256 2200 2549 2260 monitum

447 2293 536 2347 est
574 2284 646 2346 ab
687 2286 1002 2346 architecto
1044 2285 1508 2365 spectatissimo,
1558 2286 1882 2365 eodemque
1920 2285 2275 2364 antiquitatis
2316 2283 2550 2364 peritis-

341 2393 421 2431 τοι
454 2371 636 2443 simo,
680 2371 975 2432 Ludovico
1020 2371 1324 2447 Canina9).
1404 2371 1642 2432 Accedit
1690 2371 1847 2450 quod
1887 2370 2160 2431 saltantes
2200 2369 2549 2449 CaryatidaS,

582 2585 632 2649 7)
670 2585 817 2636 Paus.
843 2585 921 2650 111,
952 2586 1029 2647 1‚0,
1055 2586 1086 2636 8
1110 2583 1173 2637 τὸ
1193 2590 1408 2655 χωρίον
1437 2583 1759 2656 Ἀρτέμιδος
1779 2584 1873 2636 καὶ
1890 2584 2150 2653 Νυμφῶν
2172 2582 2328 2635 ἔστιν
2351 2583 2411 2633 αἱ
2433 2588 2551 2634 Κα-

445 2649 599 2725 ρύαι,
625 2653 716 2704 καὶ
742 2648 969 2723 ἄγαλμα
993 2652 1552 2724 ἕστηκενᾍρτέμιδος
1569 2653 1630 2705 ἐν
1652 2651 1921 2724 ὑπαίθρῳ
1947 2646 2318 2722 Καρυάτιδος.
2341 2677 2410 2688 -
2436 2657 2552 2702 Χο-

448 2718 581 2788 ροὺς
614 2720 677 2773 δὲ
709 2719 954 2775 ἐνταῦθα
979 2723 1041 2773 αἱ
1062 2722 1539 2793 Λακεδαιμονίων
1571 2721 1856 2789 παρθένοι
1889 2715 2028 2771 κατὰ
2072 2718 2195 2776 ἔτος
2240 2719 2430 2769 ἱστᾶσι
2461 2719 2553 2770 καὶ

446 2785 750 2861 ἐπιχώριος
783 2785 977 2848 αὐταῖς
1006 2791 1349 2857 καθέστηκεν
1381 2788 1632 2858 ὅρχησιςε
1670 2805 1812 2855 quam
1846 2789 2162 2839 saltationem
2196 2802 2225 2837 a
2257 2786 2467 2837 Castore
2502 2795 2554 2837 et

444 2859 653 2910 Polluce
687 2860 939 2910 inventam
966 2875 1080 2910 esse
1116 2861 1271 2911 tradit
1295 2860 1545 2910 Luciacus
1571 2859 1630 2907 de
1657 2857 2010 2907 saltationibus
2034 2873 2076 2907 c.
2109 2855 2187 2906 10.
2215 2853 2556 2904 Commotissi·

447 2943 572 2978 mam
599 2926 759 2977 fuisse
786 2928 1013 2977 cernitur
1038 2943 1104 2977 ex
1130 2944 1218 2991 eo,
1254 2928 1380 2993 quod
1408 2925 1722 2992 componitur
1745 2940 1854 2974 cum
1880 2924 2148 2987 Bacchicis,
2174 2922 2238 2972 cf.
2266 2922 2445 2972 Pollux
2468 2920 2555 2984 lv,

451 2995 528 3059 14,
558 2994 671 3058 104,
697 2995 913 3061 Hesych.
934 3012 983 3045 v.
1003 2999 1063 3045 K
1061 2994 1370 3060 αρυατίζειν
1396 3000 1449 3043 et
1467 2985 1834 3062 Καρυάτιδες,
1860 2991 2034 3041 Manso
2056 2992 2235 3057 Sparta
2253 2987 2292 3051 1,
2314 2990 2361 3054 2,
2387 3006 2433 3056 p.
2456 2989 2554 3039 219

447 3078 556 3129 sqq,
583 3062 814 3113 Meineke
839 3063 901 3112 ad
926 3063 1143 3129 Euphor.
1167 3059 1343 3125 fragm.
1372 3059 1529 3123 XLII,
1555 3077 1601 3127 p.
1623 3058 1843 3124 93—99‚
1868 3059 1930 3110 Ο.
1952 3059 2166 3110 Mueller
2188 3059 2239 3108 in
2262 3058 2492 3108 Doricus.
2515 3056 2554 3119 Ι,

447 3146 496 3197 p·
586 3168 640 3261 8)’
672 3147 968 3264 Gagyatidas
988 3196 1231 3247 saltantes
1253 3196 1475 3246 nonnulli
1494 3195 1749 3261 appellant
1767 3210 1853 3245 eas
1873 3196 2079 3258 figuras,
2104 3208 2306 3276 quarum
2327 3191 2559 3257 exempla

449 3267 698 3316 dederunt
738 3265 910 3328 Zoega
942 3265 1129 3315 Bassir.
1164 3265 1265 3315 tab.
1302 3263 1408 3314 XX
1443 3271 1496 3314 et
1527 3262 1656 3313 XXI
1691 3269 1744 3313 et
1773 3261 1951 3313 Clarac
1984 3261 2159 3312 Musee
2193 3262 2253 3311 de
2288 3260 2556 3326 Sculpture

446 3334 549 3384 tab.
574 3332 687 3397 167,
708 3333 770 3382 77
798 3339 851 3382 et
872 3331 985 3395 168,
1005 3332 1099 3394 783
1122 3347 1243 3398 quas
1268 3340 1433 3383 tamen
1462 3331 1749 3382 saltatrices
1770 3347 1866 3381 non
1893 3331 2052 3381 solum
2072 3330 2272 3394 Dianae,
2299 3329 2388 3379 sed
2408 3329 2559 3378 etiam

447 3401 658 3452 aliorum
684 3402 916 3461 deorum,
949 3399 1091 3449 velut
1113 3399 1374 3450 Minervae
1401 3399 1557 3450 cultui
1582 3399 1806 3448 addictas
1831 3395 2013 3463 fuisse,
2046 3397 2271 3448 cernitur
2304 3412 2369 3446 ex
2404 3411 2558 3462 opere

449 3468 655 3531 figulino
689 3482 719 3517 a
756 3466 1002 3533 Campana
1035 3467 1193 3527 edito,
1239 3468 1457 3518 Anticbe
1501 3482 1654 3533 opere
1689 3467 1737 3515 in
1772 3466 1984 3532 plastica
2021 3466 2121 3515 tab.
2156 3463 2243 3516 IV.
2267 3491 2335 3501 —-
2359 3463 2411 3514 ln
2444 3463 2556 3513 loco

448 3535 596 3587 Plinii
621 3541 761 3600 patet
783 3535 1210 3600 interpretandum
1235 3551 1375 3586 esse:
1409 3542 1465 3586 et
1489 3534 1758 3585 Maenades
1783 3541 1837 3584 et
1861 3549 1951 3584 eae
1976 3540 2197 3596 statuae,
2230 3547 2352 3599 quas
2375 3537 2560 3582 vocant

449 3603 702 3670 Thyadas,
727 3608 781 3652 et
804 3618 925 3668 quas
952 3601 1264 3668 Caryatidas.

584 3671 633 3731 9)
674 3671 734 3720 V.
758 3668 955 3731 Catelli,
981 3670 1012 3720 l.
1035 3685 1079 3719 c.
1112 3686 1161 3735 p.
1189 3669 1282 3719 167
1310 3685 1417 3735 sqq.
1453 3669 1639 3719 Canina
1674 3669 1746 3718 sic
1780 3669 1979 3729 scribit,
2013 3669 2360 3719 Architettura
2393 3668 2561 3718 antica

449 3739 591 3790 Tom.
617 3737 682 3799 V,
709 3754 756 3802 p.
783 3736 905 3787 399:
931 3737 972 3787 E
996 3737 1088 3788 ben
1114 3753 1237 3787 vero
1263 3739 1352 3786 che
1378 3737 1459 3786 dai
1485 3735 1634 3786 Greci
1660 3751 1782 3802 pure
1809 3738 1852 3786 si
1877 3736 2117 3787 solevano
2144 3737 2456 3799 distinguere
2483 3736 2561 3785 col

452 3821 595 3856 nome
628 3806 677 3855 di
702 3804 943 3855 Cariatidi
977 3805 1142 3870 quelle
1175 3805 1373 3867 Vergini
1408 3811 1669 3867 spartane,
1706 3805 1794 3853 che
1829 3805 2088 3855 danzando
2118 3802 2450 3854 celebravano
2474 3818 2561 3850 an-

453 3873 733 3923 nualmente
760 3872 808 3922 la
834 3869 1086 3922 solennita
1117 3872 1165 3921 in
1192 3888 1316 3921 onor
1341 3871 1389 3920 di
1417 3872 1572 3920 Diana
1599 3870 1849 3921 Cariatide
1873 3888 1966 3932 ——3
2001 3887 2079 3922 ma
2104 3872 2187 3937 poi
2219 3868 2248 3920 ὸ
2272 3866 2412 3919 bensi
2434 3884 2558 3919 vero

450 3956 636 3992 ancora
673 3955 847 3990 essere
882 3940 1204 4005 improbabile
1239 3940 1329 3988 che
1365 3939 1407 3987 si
1443 3953 1685 3988 avessero
1712 3945 1886 4003 potute
1911 3939 1989 3988 dai
2017 3938 2168 3989 Greci
2202 3936 2560 3986 conveniente-

450 4015 616 4059 mente
651 4013 1039 4074 rappresentare
1072 4013 1241 4057 statue
1278 4006 1516 4056 danzanti
1552 4022 1580 4055 e
1615 4006 1897 4056 sostenenti
1930 4006 2039 4070 pesi
2063 4004 2148 4054 nel
2184 4009 2348 4068 tempo
2375 4009 2562 4067 stesso,

453 4092 590 4127 come
615 4076 661 4127 si
685 4073 714 4125 ὸ
738 4091 829 4126 con
854 4091 979 4141 poca
1001 4073 1438 4137 verosimigliauza
1461 4080 1662 4124 cercato
1687 4073 1737 4124 di
1761 4074 2062 4124 dimostrare
2085 4071 2448 4123 ultimameute.
