2867 4717
936 403 1021 455 De
1056 404 1362 474 Aeschyli
1397 405 1640 457 Persis.
2279 409 2341 461 21

250 574 388 637 illam
413 574 597 653 legem
628 573 1039 655 competebant
1056 573 1175 652 Η).
1235 570 1434 637 Persis
1465 580 1659 637 autem
1689 590 1823 637 cum
1865 576 2039 638 ceteri
2079 576 2177 653 dii,
2215 584 2345 640 tum

225 660 367 739 ‚ipsa
401 667 570 733 terra,
612 660 776 740 cujus
817 659 1126 739 dispositio
1168 658 1241 721 ab
1280 658 1392 722 illis
1430 659 1614 722 modo
1660 660 1891 723 turbata
1943 668 2084 736 erat,
2135 661 2345 726 infesta

252 745 457 821 est⁷⁵).
513 743 936 806 miserabilibus
977 744 1256 819 cladibuS‚
1297 743 1738 807 vehementibus
1778 745 2226 826 tempestatibus
2256 748 2346 809 di-

246 829 444 891 vinitus
474 829 757 892 immissis
788 830 858 892 ad
889 847 1076 892 unum
1119 848 1327 891 omnes
1368 830 1798 907 intereunt'lss).
1867 831 2012 893 Tam
2051 832 2347 896 manifesti

247 921 396 977 erant
423 915 536 977 illis
566 915 644 976 dii
674 914 859 990 malis,
888 922 955 978 ut
982 914 1155 977 etiam
1186 915 1236 977 si
1267 915 1396 995 quis
1429 914 1672 996 impius,
1704 922 1762 977 et
1791 916 1890 996 qui
1914 915 2059 979 deos
2083 936 2216 979 esse
2239 936 2344 979 ne-

244 999 459 1078 gaverit,
487 1001 640 1062 inter
655 1000 865 1062 Persas
886 999 1165 1078 fugitivos
1187 999 1379 1075 fuerit,
1410 1000 1523 1075 ille,
1552 1001 1683 1062 talia
1706 1009 2001 1082 expertus,
2027 1003 2171 1065 deos
2194 1021 2344 1078 esse,

245 1103 448 1164 eosque
492 1086 688 1166 justos
731 1093 789 1148 et
826 1085 1135 1158 maximoS‚
1185 1092 1303 1147 tam
1355 1085 1663 1147 luculentis
1716 1086 2089 1149 documentis
2134 1088 2342 1151 doctus

241 1169 404 1232 fuerit
423 1172 542 1247 ⁷⁷).
603 1171 960 1233 Relictorum
991 1177 1183 1232 autem
1216 1171 1562 1233 cadaverum
1595 1171 1870 1233 cumulati
1900 1173 2084 1234 acervi
2114 1172 2186 1234 ad
2214 1179 2340 1236 ter·
2369 1193 2424 1232 44

168 1283 177 1295 ·
241 1254 365 1317 tiam
395 1274 583 1335 usque
615 1263 856 1318 aetatem
891 1274 1169 1335 magnum
1207 1254 1348 1318 illud
1387 1264 1715 1336 propagant
1753 1264 1811 1318 et
1849 1258 2034 1320 mutui
2072 1275 2342 1339 pronun-

242 1339 397 1403 tiant:
455 1335 699 1425 Μηδὲν
744 1333 926 1422 ἄγαν.
1013 1333 1255 1424 Μηδὲν
1296 1331 1735 1425 ὖπέρφευΊθ).

1345 1493 1449 1500 -ῳ

387 1594 674 1657 Attinebit
701 1595 763 1657 in
793 1595 910 1657 fine
940 1613 1005 1656 ea
1035 1596 1236 1676 paucis
1265 1613 1587 1670 resumere,
1629 1613 1775 1675 quae
1812 1612 1919 1674 ego
1957 1614 2138 1676 supra
2166 1614 2341 1676 prae-

233 1678 380 1742 fabar
405 1681 478 1742 de
508 1681 791 1760 gravitate
829 1680 1097 1759 religiosa
1127 1681 1400 1761 mythicis
1439 1680 1678 1760 quidem
1716 1681 2075 1760 argumentis
2115 1682 2340 1761 praeci-

234 1783 334 1843 pue
359 1766 624 1846 propria,
661 1764 969 1826 historicas
1000 1771 1190 1826 autem
1223 1784 1319 1827 res
1349 1765 1710 1845 aliquantum
1741 1764 2056 1828 deficiente.

384 1850 662 1913 Dicebam
691 1851 844 1912 hanc
866 1850 1203 1929 religionem
1228 1852 1604 1932 praecipuam
1633 1849 1693 1910 in
1718 1869 1787 1911 eo
1810 1851 2189 1930 potissimum
2215 1850 2339 1924 niti,

233 1936 374 2015 quod
404 1936 646 2017 mythiS,
688 1935 950 1996 idearum
984 1936 1250 1996 omnium
1284 1936 1356 1996 de
1385 1935 1565 1995 rebus
1597 1934 1804 2007 divinis
1839 1942 1898 1995 et
1933 1934 2207 1996 humanis
2246 1934 2339 1995 in-

231 2021 484 2096 volucris,
521 2019 754 2101 publico
788 2020 940 2081 cultu
969 2027 1027 2080 et
1054 2038 1168 2082 usu
1198 2019 1474 2099 religioso
1513 2018 1783 2099 receptis,
1823 2019 1969 2080 fides
1999 2025 2170 2099 atque
2200 2036 2334 2081 san-
2366 2046 2420 2086 45

233 2105 380 2167 etitas
410 2106 481 2167 ab
522 2105 797 2167 omnibus
829 2106 1095 2167 omnium
1136 2112 1388 2167 aetatum
1430 2112 1490 2167 et
1518 2104 1793 2166 ordinum
1837 2101 2070 2166 Graecis
2114 2103 2336 2166 tribue·-

234 2189 402 2253 hatur.
451 2191 782 2269 Tragoedia
805 2209 875 2252 ex
897 2191 1113 2271 mythis
1136 2191 1448 2271 procrevit,
1479 2190 1615 2252 inde
1645 2207 1769 2251 non
1805 2189 1999 2251 solum
2033 2189 2338 2270 originem,

232 2293 415 2338 verum
460 2276 774 2339 materiam
805 2275 998 2349 etiam,
1031 2275 1186 2337 unde
1222 2276 1565 2349 nutriretur,
1613 2281 1907 2355 repetenS.
1967 2275 2050 2337 lta
2080 2281 2205 2336 tum
2239 2294 2338 2337 se·-

231 2362 467 2424 cundum
492 2361 628 2442 ejus
650 2361 921 2436 formam,
952 2368 1076 2422 tum
1104 2361 1429 2423 secundum
1453 2359 1755 2422 materiem
1778 2359 2118 2438 religiosum
2145 2361 2334 2440 quod-

230 2445 349 2509 dam
377 2448 719 2510 institutum
751 2454 887 2522 erat,
927 2465 1043 2526 quo
1074 2446 1304 2527 publica
1340 2445 1542 2524 religio
1582 2451 1948 2506 enarraretur
1988 2452 2046 2506 et
2086 2444 2336 2525 amplifl-

230 2539 454 2595 caretur.
520 2535 651 2594 Jam
681 2550 817 2593 vero
858 2532 1177 2612 mythicum
1217 2530 1378 2593 illum
1420 2549 1693 2611 campum
1736 2529 1988 2610 reliquit,
2027 2529 2333 2592 historiam

228 2635 510 2696 aggressa.
570 2618 711 2679 Vide
751 2618 889 2697 quid
931 2618 1216 2696 agendum
1256 2616 1432 2678 fuerit
1470 2616 1580 2677 illis
1620 2615 1838 2695 poetiS,
1884 2615 1983 2695 qui
2024 2615 2332 2677 historiam

228 2700 422 2765 inferre
444 2700 837 2775 conabantur,
869 2709 925 2764 et
954 2702 1091 2782 quid
1116 2701 1275 2763 hisce
1297 2701 1603 2764 conatibus
1626 2700 1697 2762 ad
1725 2717 1962 2760 omnem
1980 2697 2334 2761 Graecorum

227 2788 556 2867 religionem
588 2795 647 2850 et
676 2787 1041 2868 disciplinam
1070 2789 1289 2850 factum
1331 2788 1427 2847 sit.
1489 2784 1791 2864 Agendum
1822 2783 1892 2844 iis
1925 2791 2048 2844 erat
2084 2782 2335 2846 maxime

230 2871 350 2946 hoc,
385 2883 451 2936 ut
493 2872 804 2935 historiam
853 2872 926 2933 ad
956 2865 1279 2951 analogiam
1309 2870 1433 2951 ejus
1465 2869 1618 2944 fidei,
1659 2887 1803 2948 quae
1837 2868 2050 2949 mythis
2079 2868 2334 2930 habeba-

229 2964 332 3032 tur,
359 2958 900 3038 interpretarentur.
960 2959 1087 3032 Qua
1118 2959 1178 3019 in
1199 2975 1264 3019 re
1287 2956 1357 3019 ad
1382 2962 1778 3036 spectatorum
1802 2953 2034 3016 animos
2058 2953 2337 3015 erudien—

234 3040 331 3103 dos
357 3046 577 3105 mirum
610 3049 891 3124 quantum
925 3043 1270 3104 efficiebant.
1329 3040 1594 3104 Primum
1626 3048 1693 3102 ut
1730 3057 1833 3100 eos
1872 3038 2334 3118 praeclarissima

232 3125 311 3187 illa
355 3128 637 3203 facinora,
683 3147 832 3208 quae
874 3127 1056 3189 modo
1093 3127 1154 3188 in
1194 3127 1512 3189 certamine
1550 3144 1683 3188 cum
1722 3124 1921 3186 Persis
1959 3129 2119 3202 gesta
2154 3131 2334 3195 erant,

356 3331 438 3393 74)
465 3330 598 3382 θεοὶ
624 3325 866 3390 σώζουσι
889 3324 1189 3385 Πάλλαδος
1209 3327 1364 3385 θεᾶς.
1390 3355 1458 3364 --
1485 3323 1559 3384 ῶς
1580 3323 1692 3398 γὰρ
1716 3322 1851 3383 θεὸς
1874 3325 2027 3379 ναῶν
2050 3321 2222 3378 ἔδωκε
2244 3325 2336 3377 κῦ-

232 3392 591 3464 δοςἜλλησιν
610 3393 811 3466 μάχης.

354 3467 382 3515 7
389 3468 439 3529 5)
465 3462 603 3531 αὐτὴ
626 3461 737 3535 γὰρ
760 3461 793 3530 ἦ
818 3466 895 3531 Γῆ
920 3459 1211 3547 ξύμμαχος
1232 3465 1440 3520 κείνοις
1461 3462 1636 3515 πέλει.

356 3533 438 3598 76)
467 3532 543 3585 cf.
572 3551 621 3586 v.
647 3534 746 3584 495
772 3549 845 3600 sq.
872 3531 1026 3584 νυκτὶ
1060 3530 1096 3582 ὃ
1125 3531 1186 3584 ἔν
1209 3525 1378 3601 ταύτῃ
1402 3527 1539 3587 θεὸς
1553 3524 1783 3598 χειμῶν’
1806 3524 1993 3598 ἄωρον
2011 3522 2156 3600 ῶρσε
2180 3538 2278 3581 cet.

357 3601 439 3665 77)
475 3597 647 3659 θεοὺς
682 3599 751 3651 δέ
780 3618 862 3658 τις
894 3596 954 3651 τὸ
989 3600 1127 3667 πρὶν
1149 3600 1395 3668 νομίζων
1437 3594 1691 3667 οὐδαμοῦ
1733 3590 1840 3648 τότ’
1885 3593 2083 3665 ηὔχετο
2126 3599 2337 3649 λιταῖσι

234 3670 395 3720 Γαῖαν
432 3666 692 3736 Οὐρανόν
732 3685 791 3720 τε
832 3668 1176 3739 προςκυνῶν.
1243 3666 1502 3730 Stanlejus
1534 3668 1658 3715 haec
1689 3681 1755 3715 ex
1797 3665 2042 3729 religione
2067 3665 2335 3716 Persarum

230 3731 375 3786 fuisse
397 3744 586 3787 monet.
638 3736 940 3803 Quamquam
965 3752 1059 3800 ego
1084 3735 1389 3801 Aeschylum
1414 3734 1537 3784 illud
1561 3734 1771 3784 maxime
1800 3732 1862 3783 'et
1889 3733 1981 3782 hoc
2012 3734 2059 3783 in
2096 3734 2205 3784 loco
2241 3732 2334 3783 sibi

234 3803 449 3855 voluisse
476 3806 793 3866 crediderim,
817 3812 875 3856 ut
898 3805 1036 3870 ipsos
1062 3804 1245 3854 Persas
1271 3803 1557 3852 universam
1581 3808 1824 3864 naturam,
1850 3808 1902 3851 et
1926 3809 2151 3851 sanetum
2175 3801 2334 3851 Natu-

231 3884 310 3920 rae
334 3874 559 3923 ordinem
586 3874 680 3937 (Γῆ
705 3873 797 3922 καὶ
814 3868 1080 3943 Οὐρανός)
1107 3888 1136 3922 a
1161 3886 1216 3921 se
1241 3871 1432 3920 laesum
1459 3885 1572 3919 esse
1598 3869 1820 3919 sensisse
1845 3868 2109 3931 significet.

359 3940 443 4004 78)
480 3941 596 3991 807.
634 3940 750 3990 818.
786 3939 902 3991 827.
936 3940 1052 3990 831.
1121 3941 1279 3994 θῖνες
1319 3934 1382 3988 δὲ
1414 3937 1625 4021 νεκρῶν
1664 3937 1755 3986 καὶ
1798 3931 2153 4004 τριτοσπόρῳ
2193 3935 2334 4005 γονῇ

234 3998 429 4073 ἄφωνα
455 4009 803 4077 σημανοῦσιν
835 4001 1092 4075 ὄμμασιν
1121 4005 1339 4076 βροτῶν
1370 4000 1443 4060 ῶς
1476 4022 1579 4073 ουχ
1613 4000 1868 4074 ὑπέρφευ
1904 4003 1954 4065 (i.
1982 4017 2025 4052 e.
2060 3996 2200 4072 ὑπὲρ
2237 3999 2337 4067 τὴν

233 4068 420 4140 φύσιν,
447 4072 588 4145 ὑπὲρ
613 4075 712 4141 τὴν
736 4073 920 4139 αἶσαν)
947 4068 1159 4139 θνητὸν
1184 4069 1321 4126 ὄντα
1334 4067 1449 4142 χρὴ
1474 4074 1724 4144 φρονεῖν.
