2867 4717
390 512 397 523 .
444 442 525 496 -86
1052 439 1510 507 Quaestiones
1560 436 1634 491 de
1688 437 1989 493 historia

448 614 635 676 Supra
665 594 1038 675 pronuntiavi
1070 595 1566 667 confirmandum,
1613 594 1946 656 consultum
1979 593 2213 672 quidem
2245 612 2278 653 a
2307 593 2572 654 Bekkero

452 700 585 741 esse
615 680 932 741 commodo
961 679 1312 757 legentium,
1341 679 1647 741 historiam
1681 697 1816 740 vero
1849 678 1990 740 artis
2019 677 2429 756 grammaticae
2459 678 2575 737 im-

454 765 711 844 peditam
758 783 918 835 esse,
963 765 1055 825 cui
1094 764 1191 842 qui
1222 764 1403 824 libros
1434 763 1852 842 grammaticos
1883 762 2142 843 primum
2173 762 2357 823 edunt
2382 760 2574 841 pluri-

453 868 620 911 mum
659 850 1001 928 prospicere
1042 848 1253 909 debent
1293 856 1349 909 et
1386 866 1545 909 nunc
1578 849 1702 909 fere
1731 848 1924 909 solent
1959 847 2320 926 prospicere.
2381 845 2576 918 Quare

453 934 554 1013 qui
583 934 992 1013 Byzantiorum
1034 933 1444 994 successiones
1485 932 1808 994 accuratius
1848 931 2125 1011 persequi
2170 931 2346 1004 volet,
2385 931 2436 991 is
2469 950 2573 992 co-

455 1019 613 1079 dices
638 1018 804 1080 adeat
823 1035 1067 1079 necesse
1089 1025 1197 1088 est,
1223 1017 1335 1077 nisi
1359 1017 1570 1078 existat
1585 1017 1676 1080 cui
1699 1016 1869 1077 aliam
1891 1015 2154 1095 Dionysii
2175 1015 2573 1077 scholiorum-

455 1122 567 1182 que
596 1102 720 1163 eius
751 1102 1071 1162 editionem
1100 1119 1307 1180 parare
1334 1120 1515 1181 eaque
1536 1101 1597 1162 in
1621 1120 1685 1161 re
1705 1100 2015 1161 historiam
2037 1099 2290 1161 maxime
2311 1107 2575 1179 spectare

456 1195 514 1247 et
538 1187 768 1247 codices
793 1187 1171 1247 observanter
1194 1187 1361 1265 sequi
1384 1186 1682 1265 placuerit.
1724 1185 1886 1245 Dicat
1908 1184 2114 1262 aliquis
2137 1202 2344 1263 parum
2364 1185 2573 1261 dignos

455 1289 587 1331 esse
614 1270 885 1331 homines
915 1271 1082 1342 istos,
1115 1271 1559 1349 Melampodem,
1592 1270 1976 1348 Stephanum,
1998 1268 2409 1348 Porphyrium,
2431 1268 2573 1330 Dio-

452 1357 703 1427 medem,
737 1355 948 1434 quibus
971 1361 1192 1415 tantum
1220 1373 1432 1435 operae
1455 1354 1760 1415 tribuatur.
1805 1353 1943 1414 Mihi
1966 1372 2137 1414 secus
2159 1353 2409 1427 videtur3
2434 1362 2575 1414 sunt

451 1439 559 1512 illi,
610 1440 836 1499 etiamsi
885 1440 1237 1499 recentiores
1275 1439 1496 1500 fuerint
1536 1438 1876 1499 Theodosio
1922 1445 2097 1516 atque
2137 1437 2570 1509 Choerobosco‚

453 1530 648 1586 tamen
673 1523 1009 1583 melioribus
1029 1523 1369 1601 disciplinae
1385 1522 2068 1602 Constantinopolitanae
2082 1522 2450 1601 temporibus
2466 1523 2572 1583 ad-

453 1608 828 1679 numerandi3
861 1606 1227 1685 multumque
1250 1608 1310 1668 in
1340 1607 1580 1668 scholiis
1611 1625 1816 1667 eorum
1843 1607 2158 1680 doctrinae,
2177 1608 2394 1668 multus
2420 1606 2572 1667 anti-

455 1710 700 1771 quarum
724 1691 1044 1752 litterarum
1068 1711 1213 1753 usus
1234 1691 1722 1770 deprehenditur3
1752 1699 1908 1752 certe
1934 1691 2149 1752 mirum
2173 1698 2262 1751 est
2289 1700 2573 1771 quantum

453 1776 596 1837 haec
619 1776 841 1836 scholia
866 1776 1084 1837 distant
1103 1776 1173 1836 ab
1199 1777 1289 1850 iis,
1315 1796 1462 1855 quae
1479 1776 1752 1837 extremis
1772 1775 2183 1854 Byzantiorum
2200 1775 2570 1854 temporibus

456 1859 689 1921 condita
727 1879 859 1921 esse
892 1860 1183 1933 videntur,
1224 1871 1540 1941 postquam
1584 1867 1902 1939 coeperant
1939 1860 2021 1921 nil
2047 1859 2160 1920 nisi
2191 1859 2371 1920 Biblia
2400 1868 2573 1938 atque

453 1944 655 2005 Patres
686 1951 949 2018 tractare,
979 1946 1366 2026 religiosaque
1391 1946 1819 2008 monachorum
1846 1944 2063 2005 desidia
2087 1944 2372 2022 neglectui
2395 1944 2570 2005 dede-

454 2035 544 2089 rat
583 2047 789 2089 omnes
821 1993 977 2103 illas’,
1020 2031 1230 2108 quibus
1274 2031 1609 2110 superiores
1638 2037 1865 2091 tantum
1896 2029 2087 2090 laetati
2117 2037 2308 2102 erant,
2351 2028 2569 2090 litteras

455 2112 853 2189 elegantiores
918 2077 1078 2175 Adde
1108 2115 1263 2192 quod
1303 2114 1796 2177 iucundissimum
1828 2121 1918 2175 est
1947 2113 2158 2175 artium
2189 2074 2570 2192 philologica-

451 2214 585 2256 rum
620 2197 839 2257 cultum
871 2205 1042 2277 atque
1064 2199 1368 2260 historiam
1392 2201 1567 2261 etiam
1591 2217 1697 2276 per
1720 2206 1976 2260 extrema
1997 2198 2092 2259 illa
2117 2197 2390 2258 Graeciae
2413 2205 2568 2258 tem-

452 2298 601 2358 pora
633 2282 932 2359 persequi,
963 2282 1064 2342 ubi
1096 2283 1602 2363 Constantinopoli
1632 2283 2001 2345 delitescebat
2029 2281 2356 2377 quidquid
2340 2282 2569 2360 ignicu-

450 2365 644 2426 lorum
688 2366 939 2427 deformi
979 2367 1089 2426 ista
1132 2368 1487 2446 antiquitatis
1526 2368 1696 2430 ruina
1733 2369 2003 2429 nondum
2041 2367 2393 2428 exstinctum
2427 2373 2567 2435 erat,

453 2467 594 2509 mox
628 2450 827 2511 omnia
860 2450 1193 2512 obsessura.

1460 2632 1584 2706 §8.

689 2767 771 2816 De
807 2766 1141 2818 Theodosii
1180 2768 1600 2831 grammatica,
1636 2783 1665 2817 a
1703 2766 2100 2830 Goettlingio
2139 2769 2321 2818 edita.

621 2869 943 2930 Theodosii
983 2889 1128 2947 quae
1168 2871 1375 2931 dicitur
1414 2870 1793 2947 grammatica
1829 2869 1975 2931 nihil
2014 2870 2168 2931 aliud
2198 2879 2289 2931 est
2315 2870 2430 2931 nisi
2459 2871 2567 2932 alia

454 2952 815 3012 scholiorum
856 2952 919 3012 in
946 2952 1286 3031 Dionysium
1325 2954 1566 3033 eiusque
1605 2954 2023 3033 prolegomena
2062 2954 2296 3033 antiqua
2334 2974 2366 3015 a
2398 2955 2567 3015 variis

453 3035 793 3097 doctoribus
823 3036 1251 3096 elaboratorum
1284 3038 1576 3110 collecti0‚
1619 3057 1869 3117 quorum
1899 3057 2037 3116 pars
2066 3038 2276 3117 legitur
2306 3038 2478 3099 etiam
2506 3039 2568 3099 in

453 3120 692 3182 scholiis
723 3120 1068 3193 maioribus,
1108 3139 1139 3180 a
1171 3121 1428 3181 Bekkero
1465 3122 1660 3197 editiS,
1707 3123 1881 3183 altera
1910 3141 2046 3200 pars
2078 3122 2214 3184 huic
2243 3122 2569 3184 collectioni

373 3226 425 3266 23
453 3206 693 3285 propria
726 3212 830 3265 est.
887 3204 948 3263 Si
977 3212 1285 3284 utramque
1316 3205 1713 3267 collectionem
1739 3207 2185 3285 comparaveriS,
2217 3207 2570 3268 Bekkeriana

451 3291 502 3350 si
527 3307 649 3350 non
674 3289 988 3365 antiquior,
1020 3296 1078 3349 at
1105 3290 1389 3350 maturius
1420 3290 1682 3351 absoluta
1714 3310 1846 3351 esse
1869 3291 2111 3363 videtur,
2144 3290 2571 3368 Goettlingiana

453 3393 485 3434 a
538 3372 857 3433 serioribus
909 3373 1298 3449 grammaticis
1352 3375 1603 3434 multum
1656 3375 1999 3453 interpolata
2051 3385 2223 3455 atque
2262 3382 2567 3437 coarctata.

453 3456 841 3532 Goettlingius
872 3457 934 3516 in
968 3457 1257 3535 farragine
1287 3459 1397 3518 hac
1426 3458 1648 3519 edenda
1678 3479 1822 3520 usus
1853 3467 1942 3521 est
1971 3459 2153 3520 Codd.
2185 3461 2366 3522 PariS.
2400 3459 2567 3520 2553

452 3549 509 3600 et
548 3540 732 3600 2555.
793 3541 859 3599 In
900 3541 1029 3600 cod.
1061 3542 1265 3602 Hamb.
1307 3560 1430 3602 non
1461 3543 1655 3602 omnis
1688 3544 1978 3616 collectio,
2019 3544 2120 3604 sed
2161 3545 2339 3604 multa
2379 3545 2569 3623 capita

451 3625 736 3702 leguntur,
769 3643 952 3702 eaque
981 3626 1173 3685 forma
1205 3627 1426 3704 passim
1453 3626 1715 3704 pleniore
1739 3635 1909 3723 atque
1930 3629 2346 3699 emendatiore,
2370 3636 2436 3689 ut
2457 3629 2567 3690 do-

452 3709 690 3769 lendum
733 3709 810 3768 sit
839 3709 1248 3810 Goettlingium
1294 3710 1384 3769 his
1426 3710 1705 3771 subsidiis
1749 3713 2023 3773 caruis.se
2086 3713 2187 3773 Sic
2213 3713 2318 3773 MS.
2350 3732 2410 3817 p.
2444 3713 2566 3774 295

452 3812 585 3854 cum
638 3793 1021 3870 inscriptione
1073 3790 1230 3874 περὶ
1290 3790 1407 3855 τοῦ
1471 3797 1619 3868 πῶς
1672 3790 2035 3879 συνυπέστη
2094 3788 2130 3857 ὃ
2186 3789 2453 3881 αλφαβη
2455 3817 2571 3871 τος

447 3877 720 3954 leguntur
750 3878 953 3936 eadem
987 3895 1134 3955 quae
1155 3878 1331 3939 habet
1354 3878 1739 3981 Goettlingius
1765 3899 1822 3958 p.
1854 3882 2035 3951 1-2,
2075 3882 2171 3954 14,
2197 3882 2297 3942 sed
2323 3881 2568 3959 plenius.

451 3960 550 4021 Sic
597 3980 655 4038 p.
717 3964 769 4033 1,
812 3961 849 4021 6
892 3962 961 4020 Η.
1013 3956 1445 4046 συνεφωνήθη
1503 3955 1543 4066 ᾗ
1602 3957 1849 4045 φράσις
1900 3963 2017 4048 τῆς
2059 3956 2401 4061 ἑρμηνείας
2452 3962 2571 4062 τῆς

452 4035 761 4128 ἓβραῖὁος
821 4047 906 4128 τῇ
967 4036 1273 4130 ἓλληνικῇ
1336 4044 1678 4130 ὃιαλεκτῳ.
1786 4051 1858 4110 11
1909 4043 1980 4111 ἐκ
2033 4048 2221 4111 θεοῦ.
2317 4051 2392 4109 12
2447 4048 2569 4111 τοῦ
