2867 4717
480 394 584 448 130
1215 427 1228 434 -
1323 392 1417 445 De
1455 390 1561 443 via
1596 403 1818 445 sacra

475 549 779 611 montibus
816 547 1088 625 utrinque
1129 545 1408 626 praecisis
1449 562 1555 624 per
1590 544 1793 605 fauces
1835 544 2201 621 angustiores
2252 544 2425 607 ducta
2470 552 2592 620 est;

473 653 582 715 per
610 653 756 713 quas
796 652 929 694 cum
975 632 1179 693 unicus
1224 650 1294 691 ex
1333 649 1542 709 campo
1579 629 1843 689 Thriasio
1885 629 2076 689 aditus
2120 637 2361 708 pateret,
2392 648 2487 691 ars
2519 631 2591 692 ad

471 720 834 781 munimenta
863 724 1102 778 naturae
1139 715 1415 787 accessit,
1456 715 1765 775 moenibus
1796 723 1853 774 et
1881 713 2139 775 turribus
2172 734 2275 794 per
2298 716 2590 776 montium

470 805 604 882 iuga
634 802 956 882 dispositis,
985 820 1238 880 quorum
1269 800 1544 878 reliquiae
1573 807 1631 860 et
1658 799 2039 860 fundamenta
2068 799 2243 860 etiam
2274 818 2432 861 nunc
2453 800 2591 862 hinc

468 889 625 950 illinc
653 888 1098 967 conspiciuntur
1120 891 1137 927 ¹
1159 888 1236 960 ⁰).
1294 885 1361 946 In
1395 884 1647 945 summis
1676 884 1961 957 faucibuS,
1991 883 2094 943 ubi
2126 885 2306 945 saltus
2337 885 2589 945 maxime

472 980 784 1045 coartatur,
831 970 1252 1032 monasterium
1295 969 1570 1048 Daphnae
1610 970 1787 1030 situm
1828 975 1933 1040 est,
1976 970 2132 1047 quod
2177 977 2407 1030 constat
2433 969 2588 1031 inter

471 1076 678 1120 omnes
708 1075 940 1118 servare
968 1056 1178 1116 rudera
1208 1054 1332 1114 eius
1365 1055 1544 1125 aediS‚
1577 1073 1753 1134 quam
1793 1053 2114 1115 Pausanias
2145 1055 2411 1131 perhibet
2440 1072 2586 1116 cou-

467 1143 718 1204 tinuisse
747 1141 913 1219 signa
943 1138 1189 1212 Cereris,
1217 1139 1625 1216 Proserpinae,
1659 1139 1947 1199 Minervae
1976 1145 2034 1197 et
2056 1139 2358 1216 Apollinis,
2383 1138 2586 1217 primi-

469 1234 565 1288 tus
605 1245 741 1287 vero
784 1226 893 1286 soli
923 1224 1174 1303 Apollini
1215 1242 1248 1283 a
1290 1224 1526 1301 Cephali
1567 1223 1822 1302 posteris
1875 1223 2119 1284 dicatam
2160 1223 2372 1298 fuisse3
2419 1222 2585 1285 cuius

468 1311 712 1372 aedificii
751 1329 881 1371 cum
924 1328 973 1370 a.
1023 1309 1178 1369 1801
1225 1316 1344 1368 tres
1386 1308 1692 1368 columnae
1725 1306 1948 1366 ordinis
1995 1306 2176 1367 Ionici
2209 1314 2587 1385 superessent

466 1395 530 1456 in
558 1396 805 1474 parietes
833 1392 1172 1454 monasterii
1200 1392 1473 1463 inclusae,
1505 1392 1739 1452 nuncin
1758 1392 1959 1452 Museo
1978 1391 2310 1452 Britannico
2335 1391 2588 1454 LondIni

468 1486 861 1549 asservantur,
895 1497 1000 1555 per
1023 1477 1290 1555 Elginum
1316 1485 1764 1554 transportatae.
1818 1475 2127 1552 Templum
2160 1479 2300 1537 satis
2322 1476 2583 1555 amplum

466 1564 653 1625 fuisse
681 1564 899 1624 iudicat
938 1561 1213 1629 Leakius,
1243 1561 1515 1639 idemque
1554 1560 1908 1633 monasteriI,
1939 1561 2104 1620 cuius
2137 1561 2330 1639 ipsum
2362 1577 2584 1621 nomen

467 1648 761 1725 antiquam
795 1645 1077 1725 Apollinis
1106 1645 1444 1722 religionem
1476 1646 1706 1723 prodit,
1753 1644 2198 1705 architecturam
2238 1645 2410 1706 talem
2451 1663 2586 1707 esse

464 1733 669 1802 refert,
732 1738 800 1791 ut
860 1730 1226 1807 temporibus
1285 1730 1625 1807 regulorum
1666 1730 2113 1802 Francicorum,
2176 1730 2276 1807 qui
2336 1730 2582 1791 Athenis

466 1834 617 1877 saec.
683 1815 813 1876 XIII
850 1849 933 1859 —-
963 1813 1063 1875 XV
1123 1812 1600 1885 dominabantur,
1665 1813 2027 1874 aedificatum
2102 1832 2232 1873 esse
2300 1814 2576 1874 videatur.

462 1901 607 1962 Inde
664 1901 847 1961 saltus
897 1916 1104 1959 versus
1157 1917 1321 1959 oram
1373 1899 1721 1959 maritimam
1777 1898 2135 1970 extenditur,
2191 1898 2335 1958 locis
2401 1898 2579 1959 decli-

465 1985 631 2046 vibus
673 1984 1012 2061 sensimque
1057 1983 1115 2043 in
1157 1983 1479 2044 convallem
1523 1983 1873 2062 apertiorem
1924 1982 2200 2056 dilatatis,
2247 1989 2508 2043 torrente
2546 2001 2580 2043 a

465 2069 821 2130 monasterio
856 2069 1164 2142 defluente,
1204 2086 1379 2146 quem
1413 2069 1677 2145 sequitur
1705 2067 1813 2140 via,
1858 2067 2123 2144 praeciso
2155 2086 2187 2128 a
2214 2067 2372 2128 laeva
2403 2084 2581 2128 manu

463 2154 681 2230 pariete
721 2153 941 2213 montis
984 2159 1181 2212 strata.
1243 2151 1418 2212 Cuius
1459 2153 1696 2229 vestigia
1735 2152 1785 2212 si
1827 2169 2089 2229 sequare,
2121 2152 2192 2211 ad
2223 2151 2328 2212 alia
2359 2151 2579 2229 antiqui

464 2236 693 2297 delubri
737 2238 948 2297 rudera
989 2236 1247 2305 duceriS,
1282 2237 1439 2313 quod
1482 2245 1640 2314 patet
1667 2238 2024 2314 respondere
2062 2236 2281 2314 templo
2325 2235 2580 2309 Veneris,

464 2339 495 2381 a
536 2321 821 2382 Pausania
868 2326 1007 2398 post
1044 2319 1328 2397 templum
1361 2321 1644 2397 Apollinis
1687 2327 2165 2380 commemorate.
2251 2319 2391 2381 Aliis
2425 2320 2579 2380 idem

464 2424 692 2466 sacrum
727 2405 1048 2483 appellatur
1073 2400 1153 2465 τὸ
1175 2397 1477 2476 Φίλαιον,
1509 2405 1726 2484 quippe
1750 2405 1945 2465 Philae
1970 2403 2196 2476 Veneri,
2228 2404 2389 2464 divae
2410 2404 2582 2464 uxori

459 2489 733 2552 Demetrii
776 2488 1065 2562 Phalerei,
1103 2489 1174 2549 ab
1213 2489 1522 2549 Adimanto
1565 2489 1963 2565 Lampsaceno
2004 2488 2350 2559 dedicatum,
2392 2508 2444 2548 v.
2486 2497 2577 2550 te-

460 2573 735 2635 stimonia
775 2574 1068 2635 variorum
1109 2591 1201 2649 ap.
1244 2573 1432 2633 Athen
1465 2573 1564 2642 vl,
1616 2592 1673 2652 p.
1708 2573 1831 2634 252
1880 2572 1985 2650 [cll.
2030 2573 2225 2633 Rossii
2264 2573 2575 2634 Hellenicis

458 2658 505 2730 1,
538 2659 674 2735 531:
709 2676 854 2736 quae
885 2657 1304 2717 confirmantur
1332 2675 1434 2729 ec,
1467 2657 1623 2734 quod
1655 2675 1842 2735 prope
1880 2657 2044 2717 abest
2072 2676 2248 2735 rupes
2285 2676 2418 2718 cum
2450 2658 2570 2718 cel-

457 2741 591 2803 lulis
629 2743 857 2817 incisiS,
896 2742 1105 2820 quibus
1147 2741 1387 2803 donaria
1428 2742 1567 2801 olim
1608 2741 2033 2814 condebantur,
2071 2742 2229 2802 velut
2267 2742 2570 2803 columbae

458 2845 826 2888 marmoreae
875 2826 1128 2904 aliaeque
1175 2825 1229 2885 id
1281 2844 1468 2904 genus
1521 2825 1935 2903 imagunculae,
1991 2843 2244 2903 quarum
2289 2827 2573 2887 nonnulla

459 2910 724 2987 exempla
761 2911 974 2970 ibidem
1015 2917 1244 2987 reperta
1285 2921 1454 2982 sunt3
1501 2910 1713 2988 quibus
1752 2910 1862 2970 sub
1911 2911 2127 2971 cellulis
2158 2910 2570 2989 inscriptiones

457 2994 981 3063 suntoblitteratae,
1010 2994 2570 3072 aBoeckhiotractataeinCorp.Inscr.no.507—-509,

455 3097 703 3156 quarum
732 3097 848 3139 una
878 3078 1051 3139 habet
1078 3078 1222 3138 haec
1249 3079 1493 3138 nomina
1520 3071 1689 3162 Φίλῃ
1731 3069 2116 3163 Ἀφροδίτῃ,
2163 3081 2334 3141 altera
2368 3087 2568 3140 osten-

455 3161 539 3222 dit
560 3181 779 3224 nomen
803 3162 1175 3242 Pythionicae
1195 3166 1217 3203 1
1237 3163 1292 3241 1)
1307 3209 1322 3235 ,
1344 3163 1511 3222 tertia
1536 3163 1684 3223 haec
1716 3163 1889 3224 verba
1911 3153 2181 3246 Ἀνδρέα
2203 3154 2568 3246 Ἀφροδίτῃ

455 3238 786 3331 εὐξαμένη,
831 3255 898 3307 ut
939 3247 1093 3308 idem
1131 3246 1299 3307 locus
1338 3246 1515 3307 variis
1558 3247 1879 3308 Veneribus
1933 3265 2097 3308 sacer
2144 3247 2334 3308 fuisse
2375 3246 2569 3307 videa·

452 3333 685 3401 tur12).
754 3332 1067 3410 Templum
1112 3331 1338 3402 ordinis
1379 3330 1573 3393 Dorici
1609 3332 1737 3407 fuit,
1776 3331 1965 3393 iudice
2006 3332 2218 3393 Leakio
2242 3333 2361 3408 ¹3).
2421 3333 2569 3393 Ante

594 3460 672 3523 10)
709 3461 815 3510 Huc
844 3472 1073 3529 spectant
1107 3480 1231 3529 quae
1260 3466 1499 3529 leguntur
1533 3483 1611 3549 ap.
1636 3466 1890 3518 Plutarch.
1917 3467 2076 3518 Alcih.
2112 3466 2178 3517 34
2204 3464 2311 3536 ἀφ’
2356 3453 2423 3518 οὗ
2454 3464 2567 3536 γὰρ

453 3525 814 3593 ἐπετειχίσθη
839 3533 1101 3584 Δεκέλεια
1124 3534 1216 3583 καὶ
1262 3535 1391 3586 τῶν
1426 3536 1524 3590 εἰς
1573 3536 1913 3586 Ελευσῖνα
1947 3530 2276 3606 παρόδων
2299 3529 2569 3602 ἐκράτουν

451 3595 800 3713 ἓὶἧτολέμιοι
824 3595 1117 3667 παρόντες,
1144 3595 1349 3654 οὐδένα
1373 3597 1595 3670 κόσμον
1619 3601 1766 3670 εἶχεν
1788 3597 1820 3667 ἡ
1846 3599 2030 3669 τελετὴ
2058 3603 2400 3671 πεμπομένη
2425 3597 2565 3652 κατὰ

495 3679 529 3713 α
568 3679 739 3714 ατταν
760 3671 858 3716 etc.

591 3730 670 3793 11)
696 3730 812 3782 Inde
836 3734 979 3784 multi
1002 3734 1153 3784 etiam
1179 3736 1462 3800 sepulcrum
1488 3735 1813 3801 Pythionicae
1840 3738 1933 3787 hoc
1965 3737 2013 3786 in
2049 3737 2162 3787 Ioco
2190 3737 2566 3803 quaesiverunt,

451 3798 579 3863 quod
605 3799 729 3848 satis
755 3807 945 3852 certum
982 3808 1064 3851 est
1096 3802 1145 3851 iu
1182 3803 1392 3853 introitu
1416 3805 1576 3870 campi
1600 3805 1920 3855 Atheniensis
1946 3806 2095 3855 situm
2118 3802 2298 3854 fuisse.

590 3865 670 3928 12)
710 3866 827 3929 [Sed
853 3866 982 3918 conf.
1009 3868 1237 3918 Rossium
1263 3870 1310 3919 in
1337 3871 1612 3921 Annalibus
1636 3872 1857 3923 Instituti
1882 3873 2132 3923 archaeol.
2160 3872 2221 3923 Τ.
2247 3870 2362 3934 XV,
2388 3887 2435 3938 p.
2462 3870 2563 3922 328

451 3939 503 3984 et
529 3931 886 3997 Goettlingium
915 3935 1250 3986 Gesammelte
1274 3936 1666 4000 Abhandlungen
1693 3957 1739 4006 p.
1768 3940 1861 3989 117
1875 3941 1968 4006 sq.]

590 4000 668 4060 13)
707 4001 845 4065 [Ern.
878 4003 1081 4054 Curtius
1102 4019 1157 4054 se
1182 4003 1248 4054 ibi
1274 4006 1545 4070 capitulum
1569 4006 1804 4058 Doricum
1837 4021 2167 4060 marmoreum
2192 4007 2408 4072 optimae
2431 4006 2561 4058 artis

449 4069 734 4133 repperisse
759 4078 978 4123 testatur
1001 4073 1062 4124 dc
1086 4072 1328 4139 portubus
1352 4073 1535 4125 Athen.
1560 4089 1608 4140 p.
1633 4075 1682 4141 2,
1708 4082 1811 4127 not.
1843 4077 1904 4139 1.]
