2867 4717
895 441 1382 506 grammaticae
1420 441 1862 510 Byzantinae.
2340 441 2409 495 75

271 616 454 659 more
480 597 611 658 istis
639 598 1009 676 temporibus
1039 616 1325 677 perquam
1356 598 1605 670 solenni,
1627 606 1693 660 ut
1713 598 1922 659 iisdem
1946 597 2330 660 nominibus
2314 617 2408 660 ιιι-

275 684 684 744 scriberentur
725 683 1126 744 commentarii
1174 682 1387 761 quibus
1426 684 1779 762 inscriptum
1820 689 1943 744 erat
1967 679 2047 745 τὸ
2093 674 2409 762 κείμενον,

274 769 335 828 id
380 768 546 846 quod
587 767 986 828 instruebatur
1026 768 1483 829 commentariis
1551 768 1811 846 Denique
1838 776 2153 845 utrumque
2184 768 2408 831 addita·

276 861 553 913 mentum
583 853 791 913 eodem
824 852 1067 913 consilio
1099 852 1388 912 adiectum
1420 852 1667 923 videtur,
1691 852 1911 913 scilicet
1930 860 1996 913 ut
2015 854 2410 929 grammatica,

279 955 434 1015 quae
463 938 539 999 de
568 936 904 997 accentibus
935 954 1145 1002 manca
1175 956 1309 997 esse
1337 936 1655 1012 videretur,
1695 937 1767 997 de
1795 937 2040 997 notione
2066 937 2410 1015 grammati-

279 1040 382 1082 cae
415 1039 629 1100 parum
660 1029 877 1099 aperta,
907 1021 1149 1082 haberet
1174 1021 1348 1093 unde,
1379 1023 1482 1099 qui
1510 1021 1761 1119 publi-cis
1792 1020 2134 1082 acroasibus
2164 1041 2294 1082 eam
2315 1023 2410 1083 in-

278 1113 780 1184 terpretarentur,
810 1106 1084 1183 quicquid
1116 1106 1186 1165 ad
1218 1112 1549 1167 accuratam
1573 1106 1716 1167 artis
1745 1106 2118 1167 traditionem
2142 1107 2416 1168 attineret

278 1199 520 1251 nectere
561 1196 826 1293 possent.
899 1191 981 1250 De
1009 1190 1342 1251 accentibus
1386 1192 1461 1250 cf.
1490 1191 1671 1251 Bekk.
1705 1191 1920 1251 Anecd.
1951 1210 2011 1269 p.
2043 1190 2195 1265 676,
2236 1191 2277 1250 9
2309 1188 2415 1253 δεῖ

283 1260 401 1336 οὖν
461 1267 555 1377 ῄμ
504 1272 637 1353 μᾶς
702 1270 793 1378 μή
858 1267 998 1335 ἀπὸ
1059 1271 1236 1377 τῆς
1236 1271 1352 1335 τοῦ
1405 1267 1768 1336 Διονυσίου
1809 1266 2248 1376 τεχνολογίας
2297 1271 2414 1359 τῆς

280 1352 654 1442 ἓξηγησεως
697 1351 1063 1439 αρξασθαι,
1094 1352 1236 1419 αλλ’
1266 1351 1408 1420 απὸ
1432 1355 1550 1442 τῆς
1579 1351 1986 1441 προσῳδίας.
2054 1360 2139 1419 De
2168 1360 2414 1421 notione

270 1444 698 1520 grammaticae
716 1443 1122 1544 litigaverant
1105 1462 1222 1505 lam
1247 1443 1627 1545 antiquiores
1656 1462 1707 1501 v.
1733 1443 1912 1504 Bekk.
1935 1444 2156 1504 Anecd.
2180 1463 2238 1523 p.
2264 1443 2410 1517 730,

283 1528 366 1588 22
396 1519 884 1629 Πτολεμαῖος(
851 1548 887 1589 ο
916 1524 1491 1631 Περιπατητικὸς
1488 1522 1605 1589 καὶ
1633 1519 1826 1589 ἄλλοι
1854 1522 2029 1602 τινὲς
2056 1521 2412 1608 ἐγκαλοῦσι

281 1605 628 1693 Διονυσίω
672 1605 1027 1691 ἐμπειρίαν
1069 1604 1363 1696 εἰρηκότι
1406 1608 1528 1695 τήν
1564 1606 2008 1695 λογικωτάτην
2036 1631 2412 1711 γραμματι-

278 1690 423 1778 κήν.
515 1696 603 1756 Ab
654 1696 990 1759 delinitione
1029 1697 1292 1776 Dionysii
1342 1715 1477 1757 cum
1520 1697 1794 1758 doctores
1836 1699 2194 1759 oecumenici
2235 1717 2409 1759 suum

283 1800 442 1859 opus
484 1781 659 1842 veluti
698 1781 982 1860 auspicati
1022 1789 1250 1850 essent
1288 1782 1361 1842 ad
1389 1788 1584 1842 totum
1615 1782 1752 1842 inde
1780 1799 2000 1842 nomen
2030 1781 2155 1843 eius
2186 1802 2408 1862 propa-

277 1874 482 1943 gatum
515 1864 767 1939 videtum
805 1866 909 1926 sed
939 1865 1235 1927 vidimus
1219 1884 1335 1926 iam
1366 1884 1549 1942 supra
1577 1866 1769 1943 ipsam
1800 1866 1985 1938 illam,
2013 1885 2163 1944 quae
2190 1867 2406 1947 Diony.-

281 1951 374 2010 sio
406 1950 711 2022 tribuitur,
742 1950 1181 2027 grammaticam
1210 1952 1273 2010 in
1303 1949 1801 2027 subsequentibus
1831 1950 1901 2010 ad
1934 1950 2272 2028 oppositam
2303 1952 2413 2011 de-

279 2034 615 2095 finitionem
646 2035 1032 2113 propendere.
1107 2035 1332 2095 Eodem
1364 2034 1670 2094 inferiores
1698 2033 2080 2107 inclinabant,
2120 2042 2185 2095 ut
2212 2053 2410 2113 gram-

280 2120 580 2189 maticam,
608 2119 1057 2180 fundamentum
1088 2120 1226 2180 illud
1260 2119 1723 2197 disputationum
1755 2136 2024 2183 suarum.
2069 2120 2141 2180 ad
2173 2119 2411 2181 Stoico-

280 2221 419 2264 rum
444 2203 843 2264 definitionem
868 2221 1106 2282 quoquo
1124 2204 1306 2264 modo
1319 2204 1548 2264 flectere
1565 2204 1887 2274 studerent,
1908 2204 1981 2264 cf.
1992 2203 2174 2264 Bekk.
2186 2223 2246 2284 p.
2264 2204 2409 2277 731,

284 2288 368 2348 22
400 2278 597 2348 ἷίλλοι
604 2280 828 2389 φασί·
860 2282 1257 2366 βουλόμενος
1279 2280 1788 2389 ἒφελκύσασθαι
1820 2285 1976 2362 τούς
2004 2283 2186 2362 νέους
2212 2283 2412 2363 τέως

283 2365 717 2450 ἐμπειρίαν
759 2368 950 2434 καλεῖ
987 2368 1105 2455 τὴν
1148 2365 1624 2454 γραμματικήν,
1667 2366 1991 2452 ὕστερον
2036 2368 2122 2433 δὲ
2163 2366 2411 2456 τέχνην,

281 2457 448 2517 unde
486 2456 649 2517 vides
691 2474 883 2535 neque
918 2458 1033 2517 hos
1069 2457 1293 2535 fugisse
1322 2457 1510 2527 illam,
1538 2475 1702 2560 quae
1732 2475 1763 2516 a
1794 2476 1890 2517 me
1918 2464 2117 2518 notata
2147 2466 2264 2530 est,
2307 2475 2413 2519 re·
2531 2502 2539 2510 -

283 2541 702 2620 pugnantiam3
734 2560 792 2619 p.
825 2540 979 2614 730,
1023 2541 1103 2602 32
1134 2535 1556 2644 γραμματική
1599 2534 1778 2602 ἐστιν
1821 2560 1911 2615 ως
1953 2536 2073 2603 ἐπὶ
2114 2538 2193 2604 τδ
2237 2536 2412 2603 πολυ

280 2627 418 2685 τῶν
462 2619 694 2701 λέξεων
738 2617 1085 2708 ἐμπειρία,
1145 2621 1317 2686 κατὰ
1362 2621 1440 2688 δὲ
1480 2623 1558 2686 τό
1600 2621 1913 2688 πλεῖστον
1954 2622 2160 2709 τέχνη.
2250 2627 2409 2687 Talis

282 2710 575 2771 dubitatio
606 2718 674 2771 ut
701 2709 1147 2806 praecideretur,
1181 2710 1437 2790 capitulo
1460 2710 1557 2770 illo
1581 2710 1939 2770 definitionis
1961 2711 2239 2788 Dionysio
2262 2728 2462 2788 pro-9

283 2794 429 2855 lusit
457 2795 661 2854 nescio
702 2795 833 2873 quis
864 2797 1380 2872 grammaticorum
1412 2793 1780 2853 inferiorum.
1841 2795 2209 2873 Quamquam
2240 2811 2414 2855 man-

285 2878 369 2939 sit
397 2878 770 2957 disceptatio,
813 2879 971 2957 quod
1000 2886 1161 2958 patet
1188 2898 1258 2939 ex
1286 2877 1724 2958 prolegomenis
1751 2878 2073 2940 maioribus
2104 2898 2198 2958 ap.
2229 2879 2411 2940 Bekk.

284 2982 349 3041 p.
380 2963 720 3024 647—656
752 2963 880 3024 coll.
911 2964 1100 3041 Etym.
1133 2963 1282 3023 Gud.
1313 2963 1403 3023 ed.
1438 2963 1610 3023 Sturz
1731 2962 1854 3024 663
1887 2983 2006 3066 sq„
2039 2964 2136 3024 ubi
2169 2964 2410 3025 exbibe-

284 3057 386 3108 tur
415 3047 735 3125 disputatio
765 3047 1077 3151 Porphyrii
1107 3040 1203 3120 εἶς
1228 3043 1309 3108 τὸ
1327 3039 1397 3108 τί
1426 3041 1608 3108 ἐστιν
1629 2982 2006 3126 ἕμπειρίαῖ
1986 3050 2272 3128 incipiens
2297 3049 2411 3110 sic:

287 3127 530 3193 πολλοι
569 3133 666 3233 τῷ
710 3132 1049 3235 Διονυσιῳ
1093 3126 1309 3213 ψόγον
1351 3126 1837 3234 προσάπτουσι
1862 3128 2158 3213 λέγοντες
2195 3129 2415 3206 κακῶς

288 3208 493 3361 Ἥὸν
536 3209 885 3372 {ionxavaffi
905 3208 1915 3372 τήἔὺγραμςατικὴνΒέΐςιίτειρίαν
1953 3212 2124 3361 zeti..
2181 3217 2411 3290 Quibus

289 3320 322 3361 ὃ
409 3319 830 3488 ὃιῖηοῖἒῗοιῗέν
869 3320 940 3445 ’ἓί
981 3320 1189 3446 ἐσξινΡ
1195 3319 1555 3488 ἒπῗσῖτήῗιη
1567 3319 2364 3488 θκαῗΐὲίρξῖἓῖἔαωιῗέι*
2300 3382 2413 3449 ου’-

286 3489 423 3543 τως
477 3461 729 3548 ι’δωμεν
783 3469 926 3545 (Ms.
974 3460 1271 3548 είδομεν)
1324 3461 1461 3530 τίνι
1514 3460 1905 3549 ἆρμόσωμεν
1945 3467 2064 3554 τήν
2107 3491 2412 3553 γραμμα-

287 3573 399 3614 τικ
446 3575 498 3614 ν.

402 3548 446 3636 ή
459 3629 838 3741 Ἐπιστήμη
897 3632 1016 3716 μὲν
1070 3627 1183 3699 ουν
1233 3632 1459 3699 ἐστὶν-’3
1468 3641 1496 3740 )
1549 3632 1686 3714 ἕξις
1743 3631 2257 3718 (αμεταπτωτος
2299 3638 2412 3702 λο-

292 3715 509 3823 γική)·
564 3714 1043 3826 αμετάπτωτος
1087 3718 1160 3784 δὲ
1205 3713 1408 3784 οιονεὶ
1453 3714 2025 3825 αμετάπταιστος·
2076 3719 2413 3828 ἐρωτήσας

294 3801 420 3906 γὰρ
473 3801 840 3910 γεωμέτρην
889 3800 1167 3891 μαθήση
1223 3799 1393 3887 παρ’
1440 3800 1670 3881 αὐτοῦ,
1729 3800 1836 3869 ὅτι
1883 3805 2131 3886 παντὸς
2172 3804 2411 3871 κύκλου

292 3881 335 3970 ἦ
382 3882 779 3974 περίμετρος
820 3884 1285 3976 περιπλασίων
1331 3892 1465 3971 (sic)
1513 3886 1656 3954 ἐστὶ
1697 3890 1816 3976 τῆς
1860 3889 2243 3974 διαμέτρου,
2296 3889 2414 3955 καί

435 4075 484 4139 5)
522 4074 618 4125 Ms.
646 4074 765 4126 ἔστι
787 4075 942 4135 λέξις.
989 4076 1195 4129 Uncinis
1217 4079 1410 4128 inclusa
1437 4080 1750 4129 omittuntur.
