2867 4717
437 435 542 491 188
1304 437 1399 490 De
1437 451 1673 492 caussa

431 595 552 656 lum
583 588 1064 669 Neapolitanum,
1106 590 1494 655 illustrazione
1524 594 1580 654 di
1610 610 1690 654 un
1720 609 1950 654 marmo
1981 609 2154 671 greco
2183 610 2541 674 rappresen·

430 685 592 741 tante
618 678 671 737 le
701 675 1001 750 Cariatide,
1030 676 1239 755 Napoli
1280 678 1471 752 1817,
1510 680 1570 738 4.
1600 678 1736 739 Mihi
1776 677 2025 738 maxime
2062 678 2347 757 probatur
2383 684 2541 762 quod

432 761 702 842 exposuit
730 761 973 822 Finatus
1002 761 1066 822 in
1092 762 1239 823 MuS.
1272 760 1597 824 borbonico
1629 763 1751 824 Vol.
1782 762 1856 838 X,
1887 763 1960 823 ad
1992 761 2134 823 Tab.
2166 764 2311 836 LIX,
2341 766 2540 845 ipsum

430 848 664 928 quidem
694 854 1147 907 monumentum
1177 848 1484 926 antiquum
1515 866 1661 921 esse,
1692 848 1796 909 sed
1828 855 2269 927 repraesentare
2291 851 2538 912 Provin-

431 933 579 994 ciam
620 932 869 1010 aliquam
911 932 1223 1006 domitam,
1262 932 1709 1013 inscriptionem
1750 951 1885 993 vero
1927 941 2131 1011 postea
2171 952 2237 994 ex
2280 934 2538 997 Vitruvio

428 1017 521 1078 vel
549 1017 660 1078 alio
691 1017 1004 1095 scriptore,
1046 1016 1143 1095 qui
1175 1017 1417 1078 eandem
1450 1036 1571 1078 rem
1611 1017 2044 1091 memoraverit,
2084 1018 2365 1080 adiectam
2406 1040 2540 1082 esse

432 1102 721 1179 (similiter
750 1108 924 1179 atque
951 1100 1168 1161 factum
1202 1109 1293 1162 est
1322 1102 1384 1163 in
1414 1103 1640 1164 Baccho
1672 1104 1874 1164 Indico
1907 1102 2088 1164 Musei
2120 1104 2404 1178 Vaticani,
2445 1106 2538 1167 cui

428 1186 778 1265 inscriptum
809 1191 901 1246 est
927 1203 1145 1246 nomen
1176 1187 1579 1267 Sardanapali,
1617 1195 1676 1249 et
1702 1188 1764 1249 in
1794 1187 1917 1248 aliis
1947 1189 2348 1250 monumentis
2378 1210 2410 1251 a
2438 1191 2538 1252 Fi·

429 1278 568 1333 nato
608 1269 1006 1347 memoratis),
1054 1279 1112 1332 et
1145 1271 1474 1334 labantibus
1517 1272 1750 1353 quidem
1800 1272 2194 1352 temporibus,
2245 1291 2362 1352 quo
2400 1274 2539 1337 facit

426 1355 620 1417 forma
657 1355 979 1416 litterarum
1024 1363 1082 1416 et
1119 1357 1367 1418 omissio
1408 1358 1528 1419 iota
1568 1356 1910 1437 subscripti,
1961 1357 2034 1418 de
2080 1376 2193 1437 qua
2234 1358 2307 1419 cf.
2347 1360 2536 1421 Franz

426 1440 608 1502 Elem.
637 1440 833 1518 Epigr.
865 1439 963 1500 Gr.
994 1457 1054 1518 p.
1085 1440 1209 1502 233
1240 1449 1299 1503 et
1326 1442 1451 1503 247
1470 1444 1547 1519 ⁵).

319 1550 399 1593 ⁸99
595 1524 680 1585 Ita
708 1524 972 1585 refutatis
998 1524 1295 1602 omnibus,
1326 1527 1538 1605 quibus
1568 1527 1824 1589 narratio
1847 1525 2088 1588 vitruvii
2117 1526 2333 1587 muniri
2364 1535 2535 1607 pote-

425 1616 534 1682 rat,
563 1608 948 1687 argumentis,
980 1609 1085 1669 alia
1115 1609 1237 1683 illa,
1273 1629 1449 1690 quam
1480 1629 1587 1689 ego
1620 1629 1797 1690 supra
1826 1611 2123 1672 nominavi
2153 1613 2420 1673 ritualem
2450 1614 2537 1675 vel

429 1694 829 1763 aestbetioam‚
860 1693 1225 1774 Caryatidum
1256 1698 1559 1776 explicatio
1590 1697 1830 1757 suborta
1859 1704 1967 1768 est,
2001 1715 2174 1775 quam
2207 1696 2433 1776 primus
2462 1698 2535 1758 li·-

427 1778 750 1841 neamentis
790 1777 958 1857 quasi
995 1779 1437 1843 adumbraverat
1470 1781 1840 1859 Lessingius‚
1892 1781 2100 1842 deinde
2149 1800 2289 1861 prae
2326 1783 2535 1845 ceteris

428 1863 668 1944 copiose
696 1864 1004 1925 illustravit
1030 1864 1424 1944 Boettigerus,
1466 1867 1525 1928 iu
1558 1867 1721 1928 cuius
1763 1866 2104 1928 auctoritate
2131 1884 2292 1928 nunc
2326 1886 2534 1929 omnes

426 1950 489 2011 in
538 1949 631 2010 illa
682 1949 1025 2028 quaestione
1068 1949 1260 2012 solent
1295 1952 1682 2031 acquiescere.
1755 1951 2136 2030 Canephoros
2174 1952 2267 2012 ille
2306 1971 2439 2013 esse
2477 1960 2537 2015 et

427 2035 796 2116 appellandas
827 2053 987 2108 esse,
1019 2053 1166 2114 quae
1193 2037 1341 2097 falso
1376 2044 1433 2097 et
1461 2036 1700 2098 nonnisi
1730 2035 1801 2099 ab
1831 2035 2204 2097 inferioribus
2233 2038 2531 2116 appellen-

423 2128 520 2182 tur
543 2119 886 2198 CaryatideS‚
913 2128 1129 2180 censet.
1190 2121 1570 2200 Canephoros
1593 2123 1651 2182 h.
1677 2141 1725 2182 e.
1750 2121 2001 2200 virgines
2025 2138 2241 2194 sacras,
2272 2123 2332 2182 in
2354 2140 2534 2201 pom-

422 2204 517 2286 pis
544 2222 679 2265 vasa
702 2204 761 2264 in
793 2203 1076 2282 capitibus
1098 2212 1420 2283 portantes,
1452 2206 1707 2286 primum
1732 2224 1860 2268 aere
1889 2212 1947 2267 et
1969 2224 2261 2267 marmore
2289 2225 2531 2287 expres-

424 2308 521 2351 sas
551 2307 681 2350 esse
709 2307 741 2349 a
762 2289 1180 2368 sculptoribus,
1207 2297 1276 2352 ut
1297 2299 1526 2353 constat
1547 2291 1898 2370 Polycletum
1923 2290 2194 2369 Argivum
2222 2290 2531 2371 Canepho-

422 2393 627 2437 rorum
668 2374 957 2453 virginum
996 2375 1161 2454 signa
1201 2393 1375 2437 aenea
1403 2376 1642 2449 fecisse,
1688 2394 1720 2436 a
1750 2377 1931 2437 Verre
1967 2375 2058 2436 illa
2087 2395 2155 2436 ex
2186 2375 2376 2437 Sicilia
2407 2377 2532 2437 Ro-

422 2478 581 2521 mam
610 2465 1007 2537 transportata
1039 2460 1184 2535 (Cic.
1214 2460 1276 2522 in
1303 2462 1465 2522 Verr.
1497 2462 1620 2522 Act.
1652 2461 1721 2534 ΙΙ,
1752 2460 1849 2522 lib.
1873 2461 1965 2536 IV,
1997 2478 2124 2539 cap.
2153 2459 2208 2533 3,
2243 2462 2327 2538 5),
2356 2460 2531 2522 item-

424 2563 537 2624 que
566 2544 792 2623 Scopae
820 2544 1201 2622 Canephoros
1229 2545 1587 2618 laudabatur,
1617 2545 1840 2607 Romae
1870 2545 1929 2605 in
1960 2545 2144 2606 Asinii
2173 2562 2532 2607 monumen·

421 2631 497 2692 tis
529 2629 720 2710 posita
751 2628 922 2709 (Plin.
953 2628 1024 2690 N.
1057 2629 1126 2689 H.
1157 2630 1408 2704 XXXVI,
1440 2633 1499 2702 4,
1527 2631 1623 2707 7);
1653 2649 1803 2709 quos
1836 2629 2164 2709 sculptores
2197 2630 2405 2691 deinde
2435 2649 2534 2692 se—

424 2722 592 2778 cutos
632 2732 765 2775 esse
803 2713 1181 2788 architectos,
1222 2715 1665 2776 venustissimas
1705 2715 1831 2776 illas
1859 2715 2150 2793 virginum
2190 2714 2403 2776 decore
2433 2716 2533 2776 in-

423 2799 809 2879 gredientium
838 2798 1110 2878 festoque
1138 2808 1348 2861 ornatu
1378 2799 1699 2878 insignium
1728 2800 1944 2878 figuras
1982 2799 2213 2860 iamiam
2245 2800 2314 2861 ad
2346 2800 2534 2861 instar

420 2886 822 2947 columnarum
856 2893 1222 2964 usurpantes.
1280 2885 1400 2947 Iam
1431 2884 1759 2965 Caryatidas
1798 2884 1986 2946 simile
2016 2883 2301 2962 virginum
2333 2903 2530 2946 sacra-

421 2988 555 3031 rum
585 2986 768 3048 genus
795 2968 982 3031 fuisse
1009 2976 1182 3048 atque
1211 2970 1596 3050 Canephoros
1606 2988 1626 3042 ,·
1655 2970 1811 3031 unde
1828 2969 2047 3032 factum
2073 2988 2225 3041 esse,
2258 2975 2322 3030 ut
2342 2969 2531 3030 utris-

424 3065 540 3134 que
568 3052 831 3116 confusis
866 3053 1093 3116 illarum
1122 3070 1343 3116 nomen
1380 3056 1535 3135 apud
1566 3053 1871 3116 inferiores
1899 3072 2010 3134 pro
2053 3054 2331 3115 omnibus
2363 3053 2530 3115 simi-

422 3140 574 3203 libus
604 3138 808 3219 figuris
840 3138 1156 3201 obtinuerit
1174 3140 1252 3214 ⁶).
1312 3139 1378 3202 Id
1417 3139 1688 3219 equidem
1727 3139 1987 3201 concedo
2027 3139 2349 3201 admodum
2378 3156 2530 3218 pro-

558 3338 608 3402 5)
644 3336 818 3388 Fidem
840 3337 1182 3405 inscriptionis
1204 3336 1429 3390 defendit
1452 3339 1603 3389 etiam
1629 3338 1843 3401 Canina,
1868 3338 1950 3404 qui
1976 3337 2037 3387 de
2062 3334 2416 3404 Caryatidibus
2440 3350 2533 3386 ex-

422 3406 744 3473 plicatissime
769 3406 1033 3457 disseruit:
1066 3407 1415 3458 Architettnra
1440 3408 1606 3458 antica
1630 3405 1772 3457 Tom.
1796 3404 1860 3468 V,
1885 3421 1933 3472 p.
1960 3404 2060 3455 396
2085 3419 2191 3470 sqq.
2208 3442 2222 3467 ,
2257 3411 2310 3454 et
2332 3404 2381 3452 in
2409 3418 2531 3453 cen·

422 3489 541 3525 sura
565 3472 786 3525 Vitruvii
810 3473 1101 3536 Mariniani,
1125 3475 1252 3525 Ann.
1282 3475 1568 3526 dell’Instit.
1592 3474 1651 3525 T.
1677 3473 1805 3537 Vlll,
1828 3488 1875 3539 p.
1907 3471 2020 3524 135.
2069 3472 2417 3538 Anaglyphum
2442 3470 2529 3520 ille

419 3540 799 3622 Neapolitanum
822 3538 1078 3621 inferioris
1111 3543 1295 3622 aetatis
1328 3559 1444 3593 esse
1468 3543 1614 3606 dicit,
1650 3543 1740 3593 sed
1769 3542 2092 3591 imitationem
2119 3542 2286 3606 operis
2310 3538 2527 3618 antiqui3

420 3606 2531 3741 32525213-35‚⁰3{;¹..⁶:.¹22‘¹12¹3.232223102‘23tsl'323&1¹33ssss‘traaizfxzsflff'sszt

421 3761 507 3796 cra
532 3745 863 3795 architettura
887 3760 1061 3810 presso
1087 3746 1103 3794 i
1128 3743 1297 3808 Greci,
1324 3745 1505 3811 Napoli
1535 3744 1681 3810 1831,
1708 3760 1756 3810 p.
1781 3743 1877 3793 163
1898 3760 2025 3810 sqq„
2049 3743 2135 3793 ubi
2159 3742 2279 3792 item
2298 3741 2441 3791 locus
2466 3741 2528 3789 de

421 3812 771 3878 Caryatidibus
812 3814 1096 3864 accuratius
1138 3820 1506 3879 pertractatur-3
1560 3813 1643 3880 qni
1682 3813 2056 3878 inscriptionem
2094 3810 2374 3861 arbitratur
2413 3822 2527 3856 esse

421 3895 632 3947 prorsus
656 3880 900 3930 noviciam
926 3880 1335 3942 (assolutamente
1359 3882 1636 3944 moderna).

555 3947 606 4010 6)
645 3948 901 4011 Boettiger
925 3949 957 3998 l.
985 3964 1028 3997 c.
1054 3963 1102 4012 p.
1125 3947 1247 3997 148:
1272 3947 1409 3998 Nach
1434 3949 1613 4009 lunser
1633 3947 1732 3998 und
1758 3944 1833 3997 oft
1856 3945 2218 3996 wiederholter
2240 3943 2530 4005 Erwiignng

422 4015 493 4065 ist
516 4015 595 4065 die
614 4014 1013 4080 Ueberzeugung
1034 4016 1084 4065 in
1102 4016 1198 4065 mir
1219 4016 1395 4066 immer
1417 4017 1556 4066 mehr
1580 4012 1823 4077 besestigt
1839 4015 2063 4075 worden,
2087 4013 2206 4062 dass
2230 4011 2360 4061 aller
2377 4008 2531 4060 Miss-

418 4083 658 4133 verstsnd
692 4098 784 4134 aus
817 4084 909 4134 der
930 4083 1327 4146 Verwechslung
1356 4084 1450 4134 der
1480 4084 1597 4134 iicbt
1618 4083 1941 4134 athenischen
1965 4079 2298 4146 Ranephoren
2321 4079 2412 4129 mit
2433 4077 2527 4127 den
