2867 4717
1553 698 2075 844 &sads
2122 699 2389 867 Q

1749 933 1824 1019 f
1870 884 2481 1008 mmm,

1342 1184 1430 1244 11.

660 1349 769 1428 DE
820 1348 1255 1429 HELLANlCO
1304 1348 1590 1430 LESBIO
1643 1349 2084 1432 fflsTofflcO.

315 1617 590 1682 (imperiali
633 1617 919 1668 litterarum
954 1619 1273 1671 universitati
1303 1621 1678 1672 Alexandrinae
1720 1612 1970 1671 Fennicae
2007 1621 2169 1671 idibus
2214 1622 2350 1671 iuliis
2389 1637 2435 1672 a.

312 1684 635 1735 MDCCCXL
668 1684 813 1735 sacra
855 1688 1102 1738 secularia
1143 1688 1305 1739 altera
1338 1686 1558 1744 feliciter
1592 1690 1884 1755 procuranti
1909 1705 1974 1739 ex
2005 1689 2154 1738 animi
2189 1690 2438 1740 sententia

312 1752 606 1817 gratulatur
627 1754 901 1819 imperialis
920 1755 1205 1806 litterarum
1223 1757 1524 1807 universitas
1539 1756 1885 1824 Dorpatensis.
1906 1756 2113 1823 Dorpati
2130 1756 2438 1808 Livonorum

487 1836 554 1871 ex
579 1819 778 1872 officina
802 1824 1081 1875 academica
1107 1824 1154 1875 J.
1181 1824 1234 1876 C.
1262 1824 1596 1875 Schiinmanni
1618 1826 1801 1877 viduae
1826 1825 2156 1876 MDCCCXL.
2186 1825 2286 1889 4⁰.)

484 2061 785 2141 Praeclare
816 2074 1015 2137 Cicero
1048 2076 1109 2137 in
1132 2077 1443 2156 prooemio
1468 2076 1737 2139 Oratoris
1766 2076 1826 2137 in
1857 2075 2077 2139 artibus
2108 2083 2282 2156 atque
2311 2077 2437 2139 dis-

316 2160 553 2243 ciplinis
577 2162 658 2223 ait
685 2180 810 2223 non
840 2161 1036 2224 solum
1065 2162 1430 2242 principibus
1463 2163 1524 2224 in
1555 2180 1788 2242 quoque
1818 2162 2249 2241 genere'loeum
2282 2182 2431 2236 esse,

313 2247 472 2309 velut
499 2247 562 2308 in
592 2249 785 2327 potitis
815 2247 1093 2322 Homero,
1122 2247 1493 2322 Archilocho,
1526 2246 1823 2328 Sophocli,
1856 2246 1957 2307 sed
1981 2249 2196 2309 horum
2220 2249 2310 2310 vel
2340 2267 2435 2309 se-

317 2332 527 2395 cundis
561 2333 649 2393 vel
679 2332 851 2393 etiam
882 2332 1033 2393 infra
1063 2333 1385 2410 secundos3
1424 2334 1584 2413 quod
1625 2332 1868 2394 mirifice
1906 2333 2158 2410 pertinet
2193 2339 2320 2394 tum
2364 2334 2434 2395 ad

312 2418 549 2497 ingenia
577 2417 889 2491 incitanda,
920 2424 1049 2479 tum
1078 2418 1149 2479 ad
1174 2419 1486 2496 genuinam
1513 2418 1666 2480 illam
1688 2417 2110 2479 humanitatem
2135 2435 2435 2480 commen-

315 2502 591 2576 dandam,
633 2521 779 2582 quae
819 2521 994 2564 suum
1047 2503 1251 2583 cuique
1297 2504 1552 2565 tribuere
1607 2503 1795 2583 sapiat
1845 2510 1904 2563 et
1951 2503 2012 2564 in
2062 2503 2436 2565 inferioribus

315 2587 490 2650 etiam
522 2588 772 2669 ingeniis
805 2587 942 2667 quid
974 2588 1221 2667 quisque
1244 2588 1428 2652 valeat
1458 2608 1524 2650 ac
1553 2596 1773 2650 mereat
1800 2605 1980 2667 aequa
2004 2587 2435 2650 existimatione

315 2673 590 2753 pensitet.
660 2673 926 2752 Namque
956 2673 1185 2751 etiamsi
1231 2693 1462 2736 summa
1503 2691 1627 2734 non
1664 2680 1920 2754 possunt
1954 2674 2070 2734 nisi
2110 2692 2143 2736 a
2186 2672 2434 2736 summis

314 2759 534 2838 perfici,
562 2766 764 2821 tamen
804 2759 875 2820 ad
907 2777 1140 2820 summa
1168 2776 1292 2819 non
1321 2759 1657 2840 pervenitur
1695 2758 1811 2818 nisi
1849 2773 1959 2837 per
1997 2757 2211 2836 gradus
2252 2775 2434 2837 quos-

315 2844 451 2905 dam
481 2844 827 2925 inferiores3
877 2843 1088 2922 quihus
1130 2846 1226 2923 qui
1267 2863 1376 2924 pro
1416 2843 1626 2904 virium
1665 2849 1831 2922 parte
1869 2842 1940 2902 ad
1980 2842 2039 2903 id
2081 2843 2239 2922 quod
2287 2841 2433 2921 ipsis

316 2929 639 2990 maximum
670 2936 795 2989 erat
824 2929 1143 3002 enituntur,
1176 2929 1346 2991 etiam
1376 2928 1455 2990 illi
1484 2929 1609 2990 iure
1638 2928 1750 2989 sibi
1783 2935 2221 2990 consummatae
2246 2928 2434 2994 laudis

317 3021 545 3093 partem
600 3021 857 3093 possunt
905 3014 1215 3075 vindicare.
1285 3013 1520 3076 Accedit
1568 3014 1728 3093 quod
1770 3013 1964 3074 omnis
2010 3013 2223 3075 artium
2262 3021 2436 3091 atque

316 3098 640 3160 litterarum
669 3098 919 3160 historia
949 3098 1096 3161 nihil
1124 3098 1277 3160 aliud
1307 3106 1398 3160 est
1424 3098 1539 3159 nisi
1581 3097 1917 3159 continuata
1957 3099 2258 3176 quaedam,
2304 3098 2436 3177 qni-

316 3183 430 3244 bus
473 3202 704 3246 summa
748 3183 891 3244 imis*
927 3190 1225 3262 aptantur,
1275 3183 1809 3244 diversissimorum
1850 3182 2222 3260 ingeniorum
2253 3182 2435 3263 expli-

319 3268 499 3343 catio3
534 3286 709 3347 quam
744 3267 844 3347 qui
871 3266 1028 3329 r‘ecte
1058 3268 1221 3348 sequi
1261 3268 1576 3348 callideque
1604 3285 1787 3329 nosse
1822 3268 1975 3343 velit,
2019 3273 2253 3347 oportet
2299 3286 2432 3329 eum

318 3369 442 3414 non
474 3353 617 3414 solis
649 3353 898 3414 summis
937 3352 1240 3418 fastidiose
1284 3353 1571 3426 delectari,
1610 3371 1814 3415 verum
1854 3353 1915 3413 in
1955 3353 2162 3414 mediis
2202 3370 2437 3433 quoque

318 3456 389 3498 ac
437 3438 712 3499 secundis
764 3438 1094 3499 studiosum
1137 3446 1309 3518 atque
1356 3439 1651 3499 eruditum
1691 3455 1842 3499 esse.
1931 3437 2030 3499 Sic
2079 3437 2138 3499 in
2190 3438 2433 3500 historia

319 3522 679 3584 Graecorum
709 3522 946 3602 antiqua
976 3523 1250 3604 princeps
1275 3523 1648 3584 confessione
1671 3522 1935 3583 omnium
1959 3529 2049 3583 est
2070 3523 2437 3598 Herodotus3

317 3625 509 3686 neque
541 3614 722 3680 certo,
754 3608 806 3669 si
836 3608 1037 3670 stilum
1071 3614 1325 3687 spectaS,
1365 3608 1557 3669 tenuis
1588 3607 1677 3669 illa
1706 3607 2204 3687 logographorum
2246 3608 2432 3669 oratio

320 3709 453 3754 cum
484 3692 851 3754 suavissimis
880 3693 1297 3754 Halicarnassei
1335 3693 1519 3754 Musis
1558 3692 1880 3773 comparari
1919 3699 2175 3771 poterat,
2221 3710 2431 3770 neque,

323 3777 372 3838 si
392 3796 489 3837 res
521 3784 922 3857 expromptaS,
951 3776 1214 3839 fabulosa
1260 3777 1686 3857 antiquitatum,
1715 3795 1912 3840 rerum
1941 3795 2261 3850 sacrarum,
2293 3777 2433 3837 stir-

320 3861 484 3941 pium
521 3862 771 3942 denique
809 3869 866 3923 et
912 3864 1266 3924 familiarum
1314 3861 1605 3942 expositio
1661 3880 1793 3923 cum
1835 3862 2165 3923 narratione
2203 3860 2429 3935 illustri,

321 3964 553 4008 summa
595 3948 885 4008 factorum
924 3948 1211 4027 gravitate,
1255 3947 1566 4027 praecipua
1610 3947 1867 4026 gentium
1916 3954 2086 4025 atque
2124 3947 2430 4025 regionum

318 4030 622 4094 nobilitate
662 4031 949 4104 distincta.
1022 4031 1411 4095 Nihilominus
1458 4032 1628 4094 etiam
1659 4031 1737 4093 illi
1768 4032 1921 4111 apud
1954 4037 2174 4092 veteres
2205 4032 2431 4094 laudem
