<?xml version="1.0" encoding="UTF-8"?>
<!DOCTYPE html PUBLIC "-//W3C//DTD XHTML 1.0 Transitional//EN"
    "http://www.w3.org/TR/xhtml1/DTD/xhtml1-transitional.dtd">
<html xmlns="http://www.w3.org/1999/xhtml" xml:lang="en" lang="en">
 <head>
  <title>
</title>
<meta http-equiv="Content-Type" content="text/html;charset=utf-8" />
  <meta name='ocr-system' content='tesseract 3.04.00' />
  <meta name='ocr-capabilities' content='ocr_page ocr_carea ocr_par ocr_line ocrx_word'/>
</head>
<body>
  <div class='ocr_page' id='page_1' title='image "./ausgewhlteaufst01khgoog_0102.png"; bbox 0 0 2867 4717; ppageno 0'>
   <div class='ocr_carea' id='block_1_1' title="bbox 843 392 2390 462">
    <p class='ocr_par' dir='ltr' id='par_1_1' title="bbox 843 392 2390 462">
     <span class='ocr_line' id='line_1_1' title="bbox 843 392 2390 462; baseline 0.005 -18"><span class='ocrx_word' id='word_1_1' title='bbox 843 392 1319 460; x_wconf 80' lang='lat' dir='ltr'><strong>grammaticae</strong></span> <span class='ocrx_word' id='word_1_2' title='bbox 1369 393 1821 462; x_wconf 83' lang='lat' dir='ltr'><strong>Byzantinae.</strong></span> <span class='ocrx_word' id='word_1_3' title='bbox 2321 397 2390 451; x_wconf 81' lang='lat'><strong>89</strong></span> 
     </span>
    </p>
   </div>
   <div class='ocr_carea' id='block_1_2' title="bbox 257 540 2470 2806">
    <p class='ocr_par' dir='ltr' id='par_1_2' title="bbox 257 540 2470 2806">
     <span class='ocr_line' id='line_1_2' title="bbox 257 540 2386 653; baseline 0 -40"><span class='ocrx_word' id='word_1_4' title='bbox 257 570 412 624; x_wconf 86' lang='grc' dir='ltr'><strong><em>τος·</em></strong></span> <span class='ocrx_word' id='word_1_5' title='bbox 456 543 737 623; x_wconf 82' lang='grc' dir='ltr'><strong><em>σκοπόν,</em></strong></span> <span class='ocrx_word' id='word_1_6' title='bbox 771 544 850 611; x_wconf 90' lang='grc' dir='ltr'><strong>τὸ</strong></span> <span class='ocrx_word' id='word_1_7' title='bbox 879 544 1049 631; x_wconf 84' lang='grc' dir='ltr'><strong><em>πρὸς</em></strong></span> <span class='ocrx_word' id='word_1_8' title='bbox 1077 540 1541 650; x_wconf 83' lang='grc' dir='ltr'><strong><em>εἰσαγομένους</em></strong></span> <span class='ocrx_word' id='word_1_9' title='bbox 1571 542 1866 653; x_wconf 78' lang='grc' dir='ltr'><em>γράφειν.</em></span> <span class='ocrx_word' id='word_1_10' title='bbox 1914 549 2061 610; x_wconf 85' lang='lat' dir='ltr'><strong>Post</strong></span> <span class='ocrx_word' id='word_1_11' title='bbox 2086 568 2147 646; x_wconf 89' lang='lat' dir='ltr'><strong>p.</strong></span> <span class='ocrx_word' id='word_1_12' title='bbox 2179 552 2278 625; x_wconf 87' lang='lat'><strong>55,</strong></span> <span class='ocrx_word' id='word_1_13' title='bbox 2311 552 2386 613; x_wconf 87' lang='grc'><strong><em>31</em></strong></span> 
     </span>
     <span class='ocr_line' id='line_1_3' title="bbox 260 626 2393 736; baseline 0 -39"><span class='ocrx_word' id='word_1_14' title='bbox 260 643 598 714; x_wconf 85' lang='lat' dir='ltr'><strong>sequuntur</strong></span> <span class='ocrx_word' id='word_1_15' title='bbox 635 634 805 696; x_wconf 90' lang='lat' dir='ltr'><strong>haec·</strong></span> <span class='ocrx_word' id='word_1_16' title='bbox 850 629 1140 736; x_wconf 77' lang='grc' dir='ltr'><strong><em>ζητεῖται</em></strong></span> <span class='ocrx_word' id='word_1_17' title='bbox 1172 629 1245 694; x_wconf 88' lang='grc' dir='ltr'><strong><em>δε</em></strong></span> <span class='ocrx_word' id='word_1_18' title='bbox 1274 626 1572 694; x_wconf 76' lang='grc' dir='ltr'><strong><em>ἐνταῦθα</em></strong></span> <span class='ocrx_word' id='word_1_19' title='bbox 1601 626 1775 735; x_wconf 88' lang='grc' dir='ltr'><strong><em>τίνος</em></strong></span> <span class='ocrx_word' id='word_1_20' title='bbox 1807 628 1996 695; x_wconf 74' lang='grc' dir='ltr'><strong><em>ἕνεκα</em></strong></span> <span class='ocrx_word' id='word_1_21' title='bbox 2024 630 2152 695; x_wconf 79' lang='grc' dir='ltr'><strong><em>τῶν</em></strong></span> <span class='ocrx_word' id='word_1_22' title='bbox 2179 655 2393 736; x_wconf 89' lang='grc' dir='ltr'><strong><em>τεχνι-</em></strong></span> 
     </span>
     <span class='ocr_line' id='line_1_4' title="bbox 261 708 2388 822; baseline 0.001 -42"><span class='ocrx_word' id='word_1_23' title='bbox 261 722 404 781; x_wconf 82' lang='grc' dir='ltr'><strong><em>κῶν</em></strong></span> <span class='ocrx_word' id='word_1_24' title='bbox 422 713 804 822; x_wconf 79' lang='grc' dir='ltr'><strong><em>διαφόρως</em></strong></span> <span class='ocrx_word' id='word_1_25' title='bbox 857 709 1233 819; x_wconf 81' lang='grc' dir='ltr'><strong><em>αρξαμένων</em></strong></span> <span class='ocrx_word' id='word_1_26' title='bbox 1287 709 1349 778; x_wconf 78' lang='grc' dir='ltr'><strong>οἶ</strong></span> <span class='ocrx_word' id='word_1_27' title='bbox 1402 712 1522 796; x_wconf 82' lang='grc' dir='ltr'><strong><em>μὲν</em></strong></span> <span class='ocrx_word' id='word_1_28' title='bbox 1580 708 1720 779; x_wconf 80' lang='grc' dir='ltr'><strong>απὸ</strong></span> <span class='ocrx_word' id='word_1_29' title='bbox 1774 715 1989 821; x_wconf 82' lang='grc' dir='ltr'><strong><em>μερῶν</em></strong></span> <span class='ocrx_word' id='word_1_30' title='bbox 2038 713 2268 820; x_wconf 81' lang='grc' dir='ltr'><em>λόγου,</em></span> <span class='ocrx_word' id='word_1_31' title='bbox 2322 712 2388 782; x_wconf 77' lang='grc' dir='ltr'><strong>οἳ</strong></span> 
     </span>
     <span class='ocr_line' id='line_1_5' title="bbox 264 793 2386 905; baseline 0 -40"><span class='ocrx_word' id='word_1_32' title='bbox 264 798 349 867; x_wconf 76' lang='grc' dir='ltr'><strong>δὲ</strong></span> <span class='ocrx_word' id='word_1_33' title='bbox 398 796 543 878; x_wconf 74' lang='grc' dir='ltr'><strong>απὸ</strong></span> <span class='ocrx_word' id='word_1_34' title='bbox 573 797 854 905; x_wconf 80' lang='grc' dir='ltr'><strong><em>λέξεως,</em></strong></span> <span class='ocrx_word' id='word_1_35' title='bbox 911 822 977 864; x_wconf 89' lang='grc' dir='ltr'><strong>οι</strong></span> <span class='ocrx_word' id='word_1_36' title='bbox 1031 797 1107 863; x_wconf 86' lang='lat'><strong>66</strong></span> <span class='ocrx_word' id='word_1_37' title='bbox 1161 793 1306 863; x_wconf 78' lang='grc' dir='ltr'><strong>α’πὸ</strong></span> <span class='ocrx_word' id='word_1_38' title='bbox 1361 798 1722 905; x_wconf 81' lang='grc' dir='ltr'><strong><em>συλλαβῆς,</em></strong></span> <span class='ocrx_word' id='word_1_39' title='bbox 1784 794 1849 863; x_wconf 76' lang='grc' dir='ltr'><strong>οἱ</strong></span> <span class='ocrx_word' id='word_1_40' title='bbox 1895 798 1970 863; x_wconf 85' lang='lat'><strong>66</strong></span> <span class='ocrx_word' id='word_1_41' title='bbox 2013 795 2156 864; x_wconf 80' lang='grc' dir='ltr'><strong>απὸ</strong></span> <span class='ocrx_word' id='word_1_42' title='bbox 2204 820 2386 866; x_wconf 88' lang='grc' dir='ltr'><strong><em>στοι-</em></strong></span> 
     </span>
     <span class='ocr_line' id='line_1_6' title="bbox 259 878 2397 991; baseline 0 -42"><span class='ocrx_word' id='word_1_43' title='bbox 259 881 475 968; x_wconf 84' lang='grc' dir='ltr'><strong><em>χείου,</em></strong></span> <span class='ocrx_word' id='word_1_44' title='bbox 531 906 598 948; x_wconf 92' lang='grc' dir='ltr'><strong>οι</strong></span> <span class='ocrx_word' id='word_1_45' title='bbox 624 882 719 991; x_wconf 56' lang='lat' dir='ltr'><strong>tv66</strong></span> <span class='ocrx_word' id='word_1_46' title='bbox 763 879 903 950; x_wconf 82' lang='grc' dir='ltr'><strong>απδ</strong></span> <span class='ocrx_word' id='word_1_47' title='bbox 936 887 1200 991; x_wconf 79' lang='grc' dir='ltr'><strong><em>φωνῆς,</em></strong></span> <span class='ocrx_word' id='word_1_48' title='bbox 1247 878 1337 959; x_wconf 80' lang='grc' dir='ltr'><strong><em>ὡς</em></strong></span> <span class='ocrx_word' id='word_1_49' title='bbox 1378 881 1495 948; x_wconf 80' lang='grc' dir='ltr'><strong>καὶ</strong></span> <span class='ocrx_word' id='word_1_50' title='bbox 1539 880 1990 961; x_wconf 78' lang='grc' dir='ltr'><strong><em>Ἀπολλώνιος</em></strong></span> <span class='ocrx_word' id='word_1_51' title='bbox 2045 878 2083 948; x_wconf 90' lang='lat'><strong>6</strong></span> <span class='ocrx_word' id='word_1_52' title='bbox 2131 882 2397 950; x_wconf 83' lang='grc' dir='ltr'><strong><em>Δύσκο-</em></strong></span> 
     </span>
     <span class='ocr_line' id='line_1_7' title="bbox 261 959 2396 1074; baseline -0 -40"><span class='ocrx_word' id='word_1_53' title='bbox 261 971 523 1047; x_wconf 71' lang='grc' dir='ltr'><strong><em>λος13),</em></strong></span> <span class='ocrx_word' id='word_1_54' title='bbox 571 959 761 1074; x_wconf 59' lang='grc' dir='ltr'><strong><em>οξτος</em></strong></span> <span class='ocrx_word' id='word_1_55' title='bbox 805 963 1117 1033; x_wconf 75' lang='grc' dir='ltr'><strong><em>ἁπάντων</em></strong></span> <span class='ocrx_word' id='word_1_56' title='bbox 1159 964 1380 1074; x_wconf 82' lang='grc' dir='ltr'><strong><em>μόνος</em></strong></span> <span class='ocrx_word' id='word_1_57' title='bbox 1380 967 1643 1072; x_wconf 78' lang='grc' dir='ltr'><strong><em>παρεὶς</em></strong></span> <span class='ocrx_word' id='word_1_58' title='bbox 1674 964 1816 1034; x_wconf 80' lang='grc' dir='ltr'><strong>ἀπὸ</strong></span> <span class='ocrx_word' id='word_1_59' title='bbox 1846 974 1965 1034; x_wconf 85' lang='grc' dir='ltr'><strong>τοῦ</strong></span> <span class='ocrx_word' id='word_1_60' title='bbox 1993 968 2153 1074; x_wconf 79' lang='grc' dir='ltr'><strong><em>περὶ</em></strong></span> <span class='ocrx_word' id='word_1_61' title='bbox 2184 990 2396 1073; x_wconf 90' lang='grc' dir='ltr'><strong><em>γραμ-</em></strong></span> 
     </span>
     <span class='ocr_line' id='line_1_8' title="bbox 261 1043 2396 1159; baseline 0 -41"><span class='ocrx_word' id='word_1_62' title='bbox 261 1053 558 1158; x_wconf 85' lang='grc' dir='ltr'><strong><em>ματικῆς</em></strong></span> <span class='ocrx_word' id='word_1_63' title='bbox 596 1048 855 1159; x_wconf 84' lang='grc' dir='ltr'><strong><em>η’ρξατο.</em></strong></span> <span class='ocrx_word' id='word_1_64' title='bbox 901 1051 1159 1119; x_wconf 85' lang='grc' dir='ltr'><strong><em>λεκτέον</em></strong></span> <span class='ocrx_word' id='word_1_65' title='bbox 1199 1043 1310 1117; x_wconf 79' lang='grc' dir='ltr'><strong><em>οὖν</em></strong></span> <span class='ocrx_word' id='word_1_66' title='bbox 1353 1048 1462 1117; x_wconf 82' lang='grc' dir='ltr'><strong>ὅτι</strong></span> <span class='ocrx_word' id='word_1_67' title='bbox 1491 1051 1745 1118; x_wconf 81' lang='grc' dir='ltr'><strong><em>σκοπὸν</em></strong></span> <span class='ocrx_word' id='word_1_68' title='bbox 1789 1048 1954 1159; x_wconf 52' lang='grc' dir='ltr'><strong><em>ἐάων</em></strong></span> <span class='ocrx_word' id='word_1_69' title='bbox 1963 1053 2188 1159; x_wconf 80' lang='grc' dir='ltr'><strong><em>πρὸς</em></strong></span> <span class='ocrx_word' id='word_1_70' title='bbox 2211 1049 2396 1119; x_wconf 80' lang='grc' dir='ltr'><strong><em>εἷσα-</em></strong></span> 
     </span>
     <span class='ocr_line' id='line_1_9' title="bbox 265 1132 2397 1245; baseline 0 -42"><span class='ocrx_word' id='word_1_71' title='bbox 265 1135 583 1222; x_wconf 88' lang='grc' dir='ltr'><strong><em>γομένους</em></strong></span> <span class='ocrx_word' id='word_1_72' title='bbox 638 1160 915 1245; x_wconf 85' lang='grc' dir='ltr'><strong><em>γραφειν</em></strong></span> <span class='ocrx_word' id='word_1_73' title='bbox 966 1135 1082 1202; x_wconf 81' lang='grc' dir='ltr'><strong>καὶ</strong></span> <span class='ocrx_word' id='word_1_74' title='bbox 1140 1132 1336 1214; x_wconf 75' lang='grc' dir='ltr'><strong><em>εἰδώς</em></strong></span> <span class='ocrx_word' id='word_1_75' title='bbox 1389 1135 1500 1202; x_wconf 83' lang='grc' dir='ltr'><strong>ὅτι</strong></span> <span class='ocrx_word' id='word_1_76' title='bbox 1544 1135 1785 1204; x_wconf 73' lang='grc' dir='ltr'><strong><em>ἐκεῖνοι</em></strong></span> <span class='ocrx_word' id='word_1_77' title='bbox 1830 1132 1994 1224; x_wconf 74' lang='grc' dir='ltr'><strong><em>αὐτῇ</em></strong></span> <span class='ocrx_word' id='word_1_78' title='bbox 2037 1135 2268 1244; x_wconf 80' lang='grc' dir='ltr'><strong><em>πρώτῃ</em></strong></span> <span class='ocrx_word' id='word_1_79' title='bbox 2313 1138 2397 1226; x_wconf 83' lang='grc' dir='ltr'><strong>τῇ</strong></span> 
     </span>
     <span class='ocr_line' id='line_1_10' title="bbox 266 1216 2470 1328; baseline -0 -41"><span class='ocrx_word' id='word_1_80' title='bbox 266 1225 694 1327; x_wconf 77' lang='grc' dir='ltr'><strong><em>γραμματικῇ</em></strong></span> <span class='ocrx_word' id='word_1_81' title='bbox 739 1219 1261 1304; x_wconf 76' lang='grc' dir='ltr'><strong><em>ἐντυγχάνουσιν,</em></strong></span> <span class='ocrx_word' id='word_1_82' title='bbox 1308 1216 1662 1306; x_wconf 87' lang='grc' dir='ltr'><strong><em>αναγκαῖον</em></strong></span> <span class='ocrx_word' id='word_1_83' title='bbox 1707 1216 1901 1328; x_wconf 66' lang='grc' dir='ltr'><strong>ᾠήθη</strong></span> <span class='ocrx_word' id='word_1_84' title='bbox 1948 1221 2083 1308; x_wconf 79' lang='grc' dir='ltr'><strong>πρὸ</strong></span> <span class='ocrx_word' id='word_1_85' title='bbox 2126 1221 2392 1287; x_wconf 78' lang='grc' dir='ltr'><strong><em>πάντων</em></strong></span> <span class='ocrx_word' id='word_1_86' title='bbox 2419 1246 2470 1286; x_wconf 70' lang='lat' dir='ltr'><strong>aa</strong></span> 
     </span>
     <span class='ocr_line' id='line_1_11' title="bbox 265 1301 2393 1414; baseline 0 -44"><span class='ocrx_word' id='word_1_87' title='bbox 265 1307 432 1394; x_wconf 86' lang='grc' dir='ltr'><strong><em>περὶ</em></strong></span> <span class='ocrx_word' id='word_1_88' title='bbox 476 1301 696 1414; x_wconf 88' lang='grc' dir='ltr'><strong><em>αυτῆς</em></strong></span> <span class='ocrx_word' id='word_1_89' title='bbox 721 1305 833 1372; x_wconf 84' lang='grc' dir='ltr'><strong><em>τὸν</em></strong></span> <span class='ocrx_word' id='word_1_90' title='bbox 859 1305 1094 1414; x_wconf 87' lang='grc' dir='ltr'><strong><em>λόγον</em></strong></span> <span class='ocrx_word' id='word_1_91' title='bbox 1116 1303 1576 1413; x_wconf 77' lang='grc' dir='ltr'><strong><em>ποιήσασθαι,</em></strong></span> <span class='ocrx_word' id='word_1_92' title='bbox 1625 1307 1741 1412; x_wconf 73' lang='grc' dir='ltr'><strong>&gt;ἵνα</strong></span> <span class='ocrx_word' id='word_1_93' title='bbox 1791 1310 2109 1412; x_wconf 75' lang='grc' dir='ltr'><strong><em>μαθωσι</em></strong></span> <span class='ocrx_word' id='word_1_94' title='bbox 2124 1303 2195 1371; x_wconf 86' lang='grc' dir='ltr'><strong>τί</strong></span> <span class='ocrx_word' id='word_1_95' title='bbox 2247 1304 2393 1372; x_wconf 77' lang='grc' dir='ltr'><strong><em>ἐστι</em></strong></span> 
     </span>
     <span class='ocr_line' id='line_1_12' title="bbox 269 1386 2393 1497; baseline 0 -42"><span class='ocrx_word' id='word_1_96' title='bbox 269 1391 696 1495; x_wconf 82' lang='grc' dir='ltr'><strong><em>γραμματικὴ</em></strong></span> <span class='ocrx_word' id='word_1_97' title='bbox 744 1391 918 1475; x_wconf 83' lang='grc' dir='ltr'><strong><em>πρὸς</em></strong></span> <span class='ocrx_word' id='word_1_98' title='bbox 960 1386 1352 1468; x_wconf 79' lang='grc' dir='ltr'><strong><em>παίδευσιν,</em></strong></span> <span class='ocrx_word' id='word_1_99' title='bbox 1401 1389 1575 1469; x_wconf 79' lang='grc' dir='ltr'><strong><em>πὸς</em></strong></span> <span class='ocrx_word' id='word_1_100' title='bbox 1618 1386 1822 1497; x_wconf 75' lang='grc' dir='ltr'><strong><em>ἔργον,</em></strong></span> <span class='ocrx_word' id='word_1_101' title='bbox 1868 1389 1983 1455; x_wconf 82' lang='grc' dir='ltr'><strong>καὶ</strong></span> <span class='ocrx_word' id='word_1_102' title='bbox 2028 1389 2112 1455; x_wconf 79' lang='grc' dir='ltr'><strong>τοὶ</strong></span> <span class='ocrx_word' id='word_1_103' title='bbox 2154 1389 2393 1496; x_wconf 81' lang='grc' dir='ltr'><strong><em>ταύτης</em></strong></span> 
     </span>
     <span class='ocr_line' id='line_1_13' title="bbox 264 1470 2393 1583; baseline -0 -42"><span class='ocrx_word' id='word_1_104' title='bbox 264 1473 681 1575; x_wconf 74' lang='grc' dir='ltr'><strong><em>θεωρήματα</em></strong></span> <span class='ocrx_word' id='word_1_105' title='bbox 734 1476 844 1541; x_wconf 78' lang='grc' dir='ltr'><strong><em>ἵνα</em></strong></span> <span class='ocrx_word' id='word_1_106' title='bbox 895 1472 1150 1560; x_wconf 76' lang='grc' dir='ltr'><strong><em>γνόντες</em></strong></span> <span class='ocrx_word' id='word_1_107' title='bbox 1204 1498 1425 1561; x_wconf 90' lang='grc' dir='ltr'><strong><em>κριτικ</em></strong></span> <span class='ocrx_word' id='word_1_108' title='bbox 1526 1499 1684 1583; x_wconf 90' lang='grc' dir='ltr'><strong><em>ερον</em></strong></span> <span class='ocrx_word' id='word_1_109' title='bbox 1721 1470 2180 1581; x_wconf 78' lang='grc' dir='ltr'><strong><em>ἅκροασωνται</em></strong></span> <span class='ocrx_word' id='word_1_110' title='bbox 2233 1474 2393 1582; x_wconf 82' lang='grc' dir='ltr'><strong><em>περὶ</em></strong></span> 
     </span>
     <span class='ocr_line' id='line_1_14' title="bbox 264 1555 2391 1667; baseline 0 -43"><span class='ocrx_word' id='word_1_111' title='bbox 264 1583 385 1646; x_wconf 81' lang='grc' dir='ltr'><strong><em>της</em></strong></span> <span class='ocrx_word' id='word_1_112' title='bbox 450 1559 578 1624; x_wconf 79' lang='grc' dir='ltr'><strong><em>τῶν</em></strong></span> <span class='ocrx_word' id='word_1_113' title='bbox 631 1561 841 1666; x_wconf 83' lang='grc' dir='ltr'><strong><em>μερῶν</em></strong></span> <span class='ocrx_word' id='word_1_114' title='bbox 897 1561 1014 1659; x_wconf 65' lang='lat' dir='ltr'><strong>‘roy‘</strong></span> <span class='ocrx_word' id='word_1_115' title='bbox 1066 1558 1265 1645; x_wconf 88' lang='grc' dir='ltr'><strong><em>λόγου</em></strong></span> <span class='ocrx_word' id='word_1_116' title='bbox 1323 1557 1780 1637; x_wconf 79' lang='grc' dir='ltr'><strong><em>διδασκαλίας.</em></strong></span> <span class='ocrx_word' id='word_1_117' title='bbox 1842 1556 2220 1667; x_wconf 79' lang='grc' dir='ltr'><strong><em>ἀρχόμενος</em></strong></span> <span class='ocrx_word' id='word_1_118' title='bbox 2252 1555 2391 1624; x_wconf 88' lang='grc' dir='ltr'><strong><em>τοί-</em></strong></span> 
     </span>
     <span class='ocr_line' id='line_1_15' title="bbox 265 1639 2389 1745; baseline -0 -37"><span class='ocrx_word' id='word_1_119' title='bbox 265 1668 380 1708; x_wconf 82' lang='grc' dir='ltr'><strong>νυν</strong></span> <span class='ocrx_word' id='word_1_120' title='bbox 432 1639 468 1708; x_wconf 97' lang='lat'><strong>6</strong></span> <span class='ocrx_word' id='word_1_121' title='bbox 514 1642 876 1723; x_wconf 85' lang='grc' dir='ltr'><strong><em>Διονύσιος</em></strong></span> <span class='ocrx_word' id='word_1_122' title='bbox 922 1646 1040 1732; x_wconf 87' lang='grc' dir='ltr'><strong><em>τῆς</em></strong></span> <span class='ocrx_word' id='word_1_123' title='bbox 1083 1646 1544 1745; x_wconf 84' lang='grc' dir='ltr'><strong><em>γραμματικῆς</em></strong></span> <span class='ocrx_word' id='word_1_124' title='bbox 1588 1640 1877 1733; x_wconf 81' lang='grc' dir='ltr'><strong><em>ὁρίζεται</em></strong></span> <span class='ocrx_word' id='word_1_125' title='bbox 1923 1639 2122 1731; x_wconf 75' lang='grc' dir='ltr'><strong><em>αὐτην</em></strong></span> <span class='ocrx_word' id='word_1_126' title='bbox 2165 1640 2389 1732; x_wconf 82' lang='grc' dir='ltr'><strong><em>ω’σπερ</em></strong></span> 
     </span>
     <span class='ocr_line' id='line_1_16' title="bbox 267 1724 2390 1833; baseline -0.001 -38"><span class='ocrx_word' id='word_1_127' title='bbox 267 1724 412 1810; x_wconf 70' lang='grc' dir='ltr'><strong><em>ἔχει</em></strong></span> <span class='ocrx_word' id='word_1_128' title='bbox 455 1727 536 1794; x_wconf 87' lang='grc' dir='ltr'><strong>τὸ</strong></span> <span class='ocrx_word' id='word_1_129' title='bbox 575 1727 855 1833; x_wconf 82' lang='grc' dir='ltr'><strong><em>βιβλίον.</em></strong></span> <span class='ocrx_word' id='word_1_130' title='bbox 902 1768 986 1778; x_wconf 91' lang='grc'>-</span> <span class='ocrx_word' id='word_1_131' title='bbox 1028 1733 1247 1794; x_wconf 89' lang='lat' dir='ltr'><strong>Similis</strong></span> <span class='ocrx_word' id='word_1_132' title='bbox 1278 1733 1427 1794; x_wconf 85' lang='lat' dir='ltr'><strong>ratio</strong></span> <span class='ocrx_word' id='word_1_133' title='bbox 1460 1741 1551 1795; x_wconf 92' lang='lat' dir='ltr'><strong>est</strong></span> <span class='ocrx_word' id='word_1_134' title='bbox 1578 1751 1782 1795; x_wconf 89' lang='lat' dir='ltr'><strong>eorum</strong></span> <span class='ocrx_word' id='word_1_135' title='bbox 1816 1753 1963 1813; x_wconf 85' lang='lat' dir='ltr'><strong>quae</strong></span> <span class='ocrx_word' id='word_1_136' title='bbox 1989 1733 2258 1812; x_wconf 85' lang='lat' dir='ltr'><strong>leguntur</strong></span> <span class='ocrx_word' id='word_1_137' title='bbox 2284 1734 2390 1793; x_wconf 85' lang='lat' dir='ltr'><strong>Ms.</strong></span> 
     </span>
     <span class='ocr_line' id='line_1_17' title="bbox 265 1809 2394 1900; baseline -0 -22"><span class='ocrx_word' id='word_1_138' title='bbox 265 1836 328 1897; x_wconf 90' lang='lat' dir='ltr'><strong>p.</strong></span> <span class='ocrx_word' id='word_1_139' title='bbox 363 1816 587 1878; x_wconf 81' lang='grc'><strong><em>291-</em></strong></span> <span class='ocrx_word' id='word_1_140' title='bbox 598 1817 741 1889; x_wconf 84' lang='grc'><strong><em>294,</em></strong></span> <span class='ocrx_word' id='word_1_141' title='bbox 776 1809 1010 1900; x_wconf 75' lang='grc' dir='ltr'><strong><em>ἑτέρως</em></strong></span> <span class='ocrx_word' id='word_1_142' title='bbox 1049 1837 1135 1878; x_wconf 92' lang='grc' dir='ltr'><strong>τα</strong></span> <span class='ocrx_word' id='word_1_143' title='bbox 1178 1812 1628 1899; x_wconf 83' lang='grc' dir='ltr'><strong><em>προλεγόμενα</em></strong></span> <span class='ocrx_word' id='word_1_144' title='bbox 1673 1819 1971 1898; x_wconf 88' lang='lat' dir='ltr'><strong>inscripta,</strong></span> <span class='ocrx_word' id='word_1_145' title='bbox 2005 1836 2150 1895; x_wconf 89' lang='lat' dir='ltr'><strong>quae</strong></span> <span class='ocrx_word' id='word_1_146' title='bbox 2180 1835 2394 1895; x_wconf 89' lang='lat' dir='ltr'><strong>quam-</strong></span> 
     </span>
     <span class='ocr_line' id='line_1_18' title="bbox 266 1901 2392 1980; baseline -0.002 -17"><span class='ocrx_word' id='word_1_147' title='bbox 266 1919 452 1980; x_wconf 85' lang='lat' dir='ltr'><strong>quam</strong></span> <span class='ocrx_word' id='word_1_148' title='bbox 490 1901 735 1980; x_wconf 90' lang='lat' dir='ltr'><strong>plurima</strong></span> <span class='ocrx_word' id='word_1_149' title='bbox 776 1902 992 1963; x_wconf 87' lang='lat' dir='ltr'><strong>habent</strong></span> <span class='ocrx_word' id='word_1_150' title='bbox 1033 1920 1165 1963; x_wconf 90' lang='lat' dir='ltr'><strong>cum</strong></span> <span class='ocrx_word' id='word_1_151' title='bbox 1198 1902 1367 1963; x_wconf 87' lang='lat' dir='ltr'><strong>editis</strong></span> <span class='ocrx_word' id='word_1_152' title='bbox 1398 1922 1430 1963; x_wconf 89' lang='lat' dir='ltr'><strong>a</strong></span> <span class='ocrx_word' id='word_1_153' title='bbox 1463 1903 1726 1963; x_wconf 86' lang='lat' dir='ltr'><strong>Bekkero</strong></span> <span class='ocrx_word' id='word_1_154' title='bbox 1758 1909 1814 1962; x_wconf 85' lang='lat' dir='ltr'><strong>et</strong></span> <span class='ocrx_word' id='word_1_155' title='bbox 1844 1901 2193 1979; x_wconf 86' lang='lat' dir='ltr'><strong>Goettlingio</strong></span> <span class='ocrx_word' id='word_1_156' title='bbox 2227 1919 2392 1960; x_wconf 87' lang='lat' dir='ltr'><strong>com·</strong></span> 
     </span>
     <span class='ocr_line' id='line_1_19' title="bbox 266 1984 2394 2055; baseline -0 -9"><span class='ocrx_word' id='word_1_157' title='bbox 266 1985 505 2055; x_wconf 90' lang='lat' dir='ltr'><strong>munia,</strong></span> <span class='ocrx_word' id='word_1_158' title='bbox 547 1986 847 2046; x_wconf 85' lang='lat' dir='ltr'><strong>nonnullis</strong></span> <span class='ocrx_word' id='word_1_159' title='bbox 888 1993 1084 2047; x_wconf 90' lang='lat' dir='ltr'><strong>tamen</strong></span> <span class='ocrx_word' id='word_1_160' title='bbox 1123 1986 1394 2048; x_wconf 83' lang='lat' dir='ltr'><strong>uberiora</strong></span> <span class='ocrx_word' id='word_1_161' title='bbox 1426 1993 1580 2047; x_wconf 90' lang='lat' dir='ltr'><strong>sunt.</strong></span> <span class='ocrx_word' id='word_1_162' title='bbox 1642 1987 1990 2047; x_wconf 82' lang='lat' dir='ltr'><strong>Tractantur</strong></span> <span class='ocrx_word' id='word_1_163' title='bbox 2019 1985 2221 2046; x_wconf 89' lang='lat' dir='ltr'><strong>solitae</strong></span> <span class='ocrx_word' id='word_1_164' title='bbox 2251 1984 2394 2045; x_wconf 90' lang='lat' dir='ltr'><strong>istae</strong></span> 
     </span>
     <span class='ocr_line' id='line_1_20' title="bbox 267 2069 2392 2149; baseline -0 -19"><span class='ocrx_word' id='word_1_165' title='bbox 267 2069 642 2149; x_wconf 80' lang='lat' dir='ltr'><strong>quaestiones</strong></span> <span class='ocrx_word' id='word_1_166' title='bbox 675 2071 746 2131; x_wconf 89' lang='lat' dir='ltr'><strong>de</strong></span> <span class='ocrx_word' id='word_1_167' title='bbox 777 2071 1018 2131; x_wconf 89' lang='lat' dir='ltr'><strong>utilitate</strong></span> <span class='ocrx_word' id='word_1_168' title='bbox 1047 2069 1479 2148; x_wconf 80' lang='lat' dir='ltr'><strong>grammaticae,</strong></span> <span class='ocrx_word' id='word_1_169' title='bbox 1512 2071 1583 2131; x_wconf 88' lang='lat' dir='ltr'><strong>de</strong></span> <span class='ocrx_word' id='word_1_170' title='bbox 1613 2071 1856 2132; x_wconf 87' lang='lat' dir='ltr'><strong>notione</strong></span> <span class='ocrx_word' id='word_1_171' title='bbox 1886 2071 2042 2143; x_wconf 77' lang='lat' dir='ltr'><strong>artiS‚</strong></span> <span class='ocrx_word' id='word_1_172' title='bbox 2073 2070 2143 2130; x_wconf 88' lang='lat' dir='ltr'><strong>de</strong></span> <span class='ocrx_word' id='word_1_173' title='bbox 2166 2076 2392 2149; x_wconf 80' lang='lat' dir='ltr'><strong>etymo-</strong></span> 
     </span>
     <span class='ocr_line' id='line_1_21' title="bbox 265 2117 2393 2258; baseline 0 -44"><span class='ocrx_word' id='word_1_174' title='bbox 265 2154 423 2233; x_wconf 87' lang='lat' dir='ltr'><strong>logia</strong></span> <span class='ocrx_word' id='word_1_175' title='bbox 461 2155 620 2215; x_wconf 86' lang='lat' dir='ltr'><strong>vocis</strong></span> <span class='ocrx_word' id='word_1_176' title='bbox 651 2147 869 2256; x_wconf 81' lang='grc' dir='ltr'><strong><em>τέχνη,</em></strong></span> <span class='ocrx_word' id='word_1_177' title='bbox 922 2155 1019 2215; x_wconf 88' lang='lat' dir='ltr'><strong>ubi</strong></span> <span class='ocrx_word' id='word_1_178' title='bbox 1059 2156 1212 2216; x_wconf 81' lang='lat' dir='ltr'><strong>inter</strong></span> <span class='ocrx_word' id='word_1_179' title='bbox 1251 2155 1387 2216; x_wconf 87' lang='lat' dir='ltr'><strong>alia:</strong></span> <span class='ocrx_word' id='word_1_180' title='bbox 1427 2149 1543 2216; x_wconf 85' lang='grc' dir='ltr'><strong>καὶ</strong></span> <span class='ocrx_word' id='word_1_181' title='bbox 1589 2146 1625 2216; x_wconf 92' lang='lat'><strong>6</strong></span> <span class='ocrx_word' id='word_1_182' title='bbox 1669 2151 1973 2258; x_wconf 81' lang='grc' dir='ltr'><strong><em>κωμικὸς</em></strong></span> <span class='ocrx_word' id='word_1_183' title='bbox 2006 2117 2080 2216; x_wconf 78' lang='grc' dir='ltr'><strong>δὲ</strong></span> <span class='ocrx_word' id='word_1_184' title='bbox 2105 2146 2393 2255; x_wconf 82' lang='grc' dir='ltr'><strong><em>Ἵππαρ-</em></strong></span> 
     </span>
     <span class='ocr_line' id='line_1_22' title="bbox 263 2230 2394 2341; baseline 0 -42"><span class='ocrx_word' id='word_1_185' title='bbox 263 2259 385 2316; x_wconf 83' lang='grc' dir='ltr'><strong><em>χος</em></strong></span> <span class='ocrx_word' id='word_1_186' title='bbox 427 2232 676 2322; x_wconf 81' lang='grc' dir='ltr'><strong><em>μάρτυς</em></strong></span> <span class='ocrx_word' id='word_1_187' title='bbox 717 2258 954 2301; x_wconf 92' lang='grc' dir='ltr'><strong><em>τουτου</em></strong></span> <span class='ocrx_word' id='word_1_188' title='bbox 1000 2233 1362 2340; x_wconf 88' lang='grc' dir='ltr'><strong><em>γεγένηται·</em></strong></span> <span class='ocrx_word' id='word_1_189' title='bbox 1408 2234 1577 2325; x_wconf 81' lang='grc' dir='ltr'><strong><em>φησὶ</em></strong></span> <span class='ocrx_word' id='word_1_190' title='bbox 1622 2235 1745 2320; x_wconf 79' lang='grc' dir='ltr'><strong>γὰρ</strong></span> <span class='ocrx_word' id='word_1_191' title='bbox 1791 2231 1860 2301; x_wconf 88' lang='grc' dir='ltr'><strong><em>ε’ν</em></strong></span> <span class='ocrx_word' id='word_1_192' title='bbox 1901 2260 2035 2301; x_wconf 92' lang='grc' dir='ltr'><strong><em>τινι</em></strong></span> <span class='ocrx_word' id='word_1_193' title='bbox 2073 2236 2202 2299; x_wconf 78' lang='grc' dir='ltr'><strong><em>τῶν</em></strong></span> <span class='ocrx_word' id='word_1_194' title='bbox 2217 2230 2394 2341; x_wconf 81' lang='lat' dir='ltr'>6av-</span> 
     </span>
     <span class='ocr_line' id='line_1_23' title="bbox 266 2317 2389 2425; baseline 0 -42"><span class='ocrx_word' id='word_1_195' title='bbox 266 2319 392 2385; x_wconf 77' lang='grc' dir='ltr'><strong>τοῦ</strong></span> <span class='ocrx_word' id='word_1_196' title='bbox 436 2320 832 2425; x_wconf 78' lang='grc' dir='ltr'><strong><em>κωμῳδιῶν·</em></strong></span> <span class='ocrx_word' id='word_1_197' title='bbox 880 2321 1102 2385; x_wconf 67' lang='lat' dir='ltr'><strong>“noh)</strong></span> <span class='ocrx_word' id='word_1_198' title='bbox 1150 2318 1274 2405; x_wconf 80' lang='grc' dir='ltr'><strong>γάρ</strong></span> <span class='ocrx_word' id='word_1_199' title='bbox 1319 2319 1464 2386; x_wconf 76' lang='grc' dir='ltr'><strong><em>ἐστι</em></strong></span> <span class='ocrx_word' id='word_1_200' title='bbox 1509 2326 1727 2420; x_wconf 81' lang='grc' dir='ltr'><strong><em>κτῆμα</em></strong></span> <span class='ocrx_word' id='word_1_201' title='bbox 1768 2343 2176 2403; x_wconf 87' lang='grc' dir='ltr'><strong><em>τιμιωτατον</em></strong></span> <span class='ocrx_word' id='word_1_202' title='bbox 2205 2317 2389 2384; x_wconf 79' lang='grc' dir='ltr'><strong><em>ἅπα-</em></strong></span> 
     </span>
     <span class='ocr_line' id='line_1_24' title="bbox 269 2399 2394 2506; baseline 0 -38"><span class='ocrx_word' id='word_1_203' title='bbox 269 2426 382 2468; x_wconf 87' lang='grc' dir='ltr'><strong><em>σιν</em></strong></span> <span class='ocrx_word' id='word_1_204' title='bbox 417 2399 822 2487; x_wconf 75' lang='grc' dir='ltr'><strong><em>ἅνθρωποις</em></strong></span> <span class='ocrx_word' id='word_1_205' title='bbox 867 2399 962 2482; x_wconf 79' lang='grc' dir='ltr'><strong>εἷς</strong></span> <span class='ocrx_word' id='word_1_206' title='bbox 1004 2404 1081 2470; x_wconf 82' lang='grc' dir='ltr'><strong>τὸ</strong></span> <span class='ocrx_word' id='word_1_207' title='bbox 1131 2404 1244 2506; x_wconf 76' lang='grc' dir='ltr'><strong><em>ζῇν</em></strong></span> <span class='ocrx_word' id='word_1_208' title='bbox 1286 2402 1558 2493; x_wconf 84' lang='grc' dir='ltr'><strong><em>τέχνη“,</em></strong></span> <span class='ocrx_word' id='word_1_209' title='bbox 1607 2408 1706 2488; x_wconf 90' lang='lat' dir='ltr'><strong>qui</strong></span> <span class='ocrx_word' id='word_1_210' title='bbox 1745 2407 1912 2470; x_wconf 88' lang='lat' dir='ltr'><strong>locus</strong></span> <span class='ocrx_word' id='word_1_211' title='bbox 1955 2407 2223 2469; x_wconf 84' lang='lat' dir='ltr'><strong>solebat</strong></span> <span class='ocrx_word' id='word_1_212' title='bbox 2209 2426 2268 2468; x_wconf 88' lang='lat' dir='ltr'><strong>m</strong></span> <span class='ocrx_word' id='word_1_213' title='bbox 2300 2408 2394 2468; x_wconf 88' lang='lat' dir='ltr'><strong>in-</strong></span> 
     </span>
     <span class='ocr_line' id='line_1_25' title="bbox 264 2492 2391 2572; baseline 0 -20"><span class='ocrx_word' id='word_1_214' title='bbox 264 2493 689 2571; x_wconf 85' lang='lat' dir='ltr'><strong>terpretatione</strong></span> <span class='ocrx_word' id='word_1_215' title='bbox 726 2492 985 2572; x_wconf 78' lang='lat' dir='ltr'><strong>Dionysii</strong></span> <span class='ocrx_word' id='word_1_216' title='bbox 1026 2493 1205 2553; x_wconf 90' lang='lat' dir='ltr'><strong>citari.</strong></span> <span class='ocrx_word' id='word_1_217' title='bbox 1236 2528 1323 2536; x_wconf 90' lang='lat'><strong>--</strong></span> <span class='ocrx_word' id='word_1_218' title='bbox 1352 2494 1478 2555; x_wconf 87' lang='lat' dir='ltr'><strong>Alia</strong></span> <span class='ocrx_word' id='word_1_219' title='bbox 1517 2501 1783 2572; x_wconf 86' lang='lat' dir='ltr'><strong>excerpta</strong></span> <span class='ocrx_word' id='word_1_220' title='bbox 1823 2501 2148 2572; x_wconf 88' lang='lat' dir='ltr'><strong>sequuntur</strong></span> <span class='ocrx_word' id='word_1_221' title='bbox 2186 2493 2292 2553; x_wconf 86' lang='lat' dir='ltr'><strong>Ms.</strong></span> <span class='ocrx_word' id='word_1_222' title='bbox 2334 2513 2391 2572; x_wconf 88' lang='lat' dir='ltr'><strong>p.</strong></span> 
     </span>
     <span class='ocr_line' id='line_1_26' title="bbox 268 2569 2392 2662; baseline 0 -26"><span class='ocrx_word' id='word_1_223' title='bbox 268 2577 351 2637; x_wconf 85' lang='lat'><strong>20</strong></span> <span class='ocrx_word' id='word_1_224' title='bbox 386 2595 538 2655; x_wconf 69' lang='lat' dir='ltr'><strong>sqq„</strong></span> <span class='ocrx_word' id='word_1_225' title='bbox 568 2595 698 2637; x_wconf 92' lang='lat' dir='ltr'><strong>cum</strong></span> <span class='ocrx_word' id='word_1_226' title='bbox 724 2577 913 2638; x_wconf 90' lang='lat' dir='ltr'><strong>indice</strong></span> <span class='ocrx_word' id='word_1_227' title='bbox 935 2572 1094 2658; x_wconf 76' lang='grc' dir='ltr'><strong><em>περὶ</em></strong></span> <span class='ocrx_word' id='word_1_228' title='bbox 1125 2569 1601 2662; x_wconf 69' lang='grc' dir='ltr'><strong><em>ὀρθογραφίας,</em></strong></span> <span class='ocrx_word' id='word_1_229' title='bbox 1632 2578 1986 2639; x_wconf 87' lang='lat' dir='ltr'><strong>conferenda</strong></span> <span class='ocrx_word' id='word_1_230' title='bbox 2016 2596 2152 2638; x_wconf 90' lang='lat' dir='ltr'><strong>cum</strong></span> <span class='ocrx_word' id='word_1_231' title='bbox 2183 2577 2392 2638; x_wconf 90' lang='lat' dir='ltr'><strong>Goettl.</strong></span> 
     </span>
     <span class='ocr_line' id='line_1_27' title="bbox 266 2661 2395 2741; baseline -0 -20"><span class='ocrx_word' id='word_1_232' title='bbox 266 2679 326 2739; x_wconf 90' lang='lat' dir='ltr'>p.</span> <span class='ocrx_word' id='word_1_233' title='bbox 361 2661 474 2734; x_wconf 87' lang='grc'><strong>61,</strong></span> <span class='ocrx_word' id='word_1_234' title='bbox 516 2661 691 2720; x_wconf 85' lang='grc'><strong>22-</strong></span> <span class='ocrx_word' id='word_1_235' title='bbox 705 2661 814 2733; x_wconf 86' lang='grc'><strong>67,</strong></span> <span class='ocrx_word' id='word_1_236' title='bbox 860 2681 1008 2741; x_wconf 88' lang='lat' dir='ltr'><strong>quae</strong></span> <span class='ocrx_word' id='word_1_237' title='bbox 1046 2663 1244 2723; x_wconf 90' lang='lat' dir='ltr'><strong>multis</strong></span> <span class='ocrx_word' id='word_1_238' title='bbox 1285 2662 1428 2722; x_wconf 91' lang='lat' dir='ltr'><strong>locis</strong></span> <span class='ocrx_word' id='word_1_239' title='bbox 1460 2663 1595 2722; x_wconf 88' lang='lat' dir='ltr'><strong>inde</strong></span> <span class='ocrx_word' id='word_1_240' title='bbox 1627 2663 1907 2740; x_wconf 92' lang='lat' dir='ltr'><strong>compleri</strong></span> <span class='ocrx_word' id='word_1_241' title='bbox 1938 2669 2194 2740; x_wconf 85' lang='lat' dir='ltr'><strong>possunt</strong></span> <span class='ocrx_word' id='word_1_242' title='bbox 2223 2669 2395 2739; x_wconf 86' lang='lat' dir='ltr'><strong>atque</strong></span> 
     </span>
     <span class='ocr_line' id='line_1_28' title="bbox 267 2745 591 2806; baseline 0.003 -1"><span class='ocrx_word' id='word_1_243' title='bbox 267 2745 591 2806; x_wconf 87' lang='lat' dir='ltr'><strong>emendari.</strong></span> 
     </span>
    </p>
   </div>
   <div class='ocr_carea' id='block_1_3' title="bbox 1273 2858 1399 2933">
    <p class='ocr_par' dir='ltr' id='par_1_3' title="bbox 1273 2858 1399 2933">
     <span class='ocr_line' id='line_1_29' title="bbox 1273 2858 1399 2933; baseline -0.008 -14"><span class='ocrx_word' id='word_1_244' title='bbox 1273 2858 1399 2933; x_wconf 67' lang='lat' dir='ltr'><strong>§a</strong></span> 
     </span>
    </p>
   </div>
   <div class='ocr_carea' id='block_1_4' title="bbox 338 2962 2324 3031">
    <p class='ocr_par' dir='ltr' id='par_1_4' title="bbox 338 2962 2324 3031">
     <span class='ocr_line' id='line_1_30' title="bbox 338 2962 2324 3031; baseline 0 -15"><span class='ocrx_word' id='word_1_245' title='bbox 338 2966 425 3016; x_wconf 89' lang='lat' dir='ltr'><strong>De</strong></span> <span class='ocrx_word' id='word_1_246' title='bbox 463 2966 724 3016; x_wconf 78' lang='lat' dir='ltr'><strong>scholiis</strong></span> <span class='ocrx_word' id='word_1_247' title='bbox 760 2966 1100 3015; x_wconf 86' lang='lat' dir='ltr'><strong>minoribus</strong></span> <span class='ocrx_word' id='word_1_248' title='bbox 1139 2964 1459 3028; x_wconf 73' lang='lat' dir='ltr'><strong>Dionysii,</strong></span> <span class='ocrx_word' id='word_1_249' title='bbox 1496 2962 1707 3014; x_wconf 85' lang='lat' dir='ltr'><strong>infima</strong></span> <span class='ocrx_word' id='word_1_250' title='bbox 1744 2972 1947 3015; x_wconf 84' lang='lat' dir='ltr'><strong>aetate</strong></span> <span class='ocrx_word' id='word_1_251' title='bbox 1985 2967 2324 3031; x_wconf 60' lang='lat' dir='ltr'><strong>conceptis</strong></span> 
     </span>
    </p>
   </div>
   <div class='ocr_carea' id='block_1_5' title="bbox 259 3052 2401 3811">
    <p class='ocr_par' dir='ltr' id='par_1_5' title="bbox 259 3052 2401 3811">
     <span class='ocr_line' id='line_1_31' title="bbox 443 3052 2393 3136; baseline 0 -19"><span class='ocrx_word' id='word_1_252' title='bbox 443 3058 741 3135; x_wconf 86' lang='lat' dir='ltr'><strong>Leguntur</strong></span> <span class='ocrx_word' id='word_1_253' title='bbox 777 3058 919 3118; x_wconf 91' lang='lat' dir='ltr'><strong>haec</strong></span> <span class='ocrx_word' id='word_1_254' title='bbox 954 3058 1060 3117; x_wconf 88' lang='lat' dir='ltr'><strong>Ms.</strong></span> <span class='ocrx_word' id='word_1_255' title='bbox 1102 3076 1158 3136; x_wconf 92' lang='lat' dir='ltr'>p.</span> <span class='ocrx_word' id='word_1_256' title='bbox 1192 3056 1578 3127; x_wconf 49' lang='lat' dir='ltr'><strong>297s-320‚</strong></span> <span class='ocrx_word' id='word_1_257' title='bbox 1621 3075 1753 3117; x_wconf 91' lang='lat' dir='ltr'><strong>cum</strong></span> <span class='ocrx_word' id='word_1_258' title='bbox 1795 3057 1984 3118; x_wconf 90' lang='lat' dir='ltr'><strong>indice</strong></span> <span class='ocrx_word' id='word_1_259' title='bbox 2027 3052 2393 3118; x_wconf 86' lang='grc' dir='ltr'><strong><em>Θεοδοσίου</em></strong></span> 
     </span>
     <span class='ocr_line' id='line_1_32' title="bbox 267 3133 2394 3224; baseline 0 -23"><span class='ocrx_word' id='word_1_260' title='bbox 267 3138 733 3224; x_wconf 76' lang='grc' dir='ltr'><strong><em>γραμματικοῦ</em></strong></span> <span class='ocrx_word' id='word_1_261' title='bbox 771 3133 1251 3223; x_wconf 76' lang='grc' dir='ltr'><strong><em>Ἀλεξανδρέως</em></strong></span> <span class='ocrx_word' id='word_1_262' title='bbox 1285 3134 1444 3220; x_wconf 82' lang='grc' dir='ltr'><strong><em>περὶ</em></strong></span> <span class='ocrx_word' id='word_1_263' title='bbox 1473 3137 1891 3224; x_wconf 77' lang='grc' dir='ltr'><strong><em>προσῳδιῶν.</em></strong></span> <span class='ocrx_word' id='word_1_264' title='bbox 1967 3141 2292 3202; x_wconf 86' lang='lat' dir='ltr'><strong>Ordiuntur</strong></span> <span class='ocrx_word' id='word_1_265' title='bbox 2323 3141 2394 3202; x_wconf 86' lang='lat' dir='ltr'><strong>ab</strong></span> 
     </span>
     <span class='ocr_line' id='line_1_33' title="bbox 263 3225 2395 3306; baseline 0 -20"><span class='ocrx_word' id='word_1_266' title='bbox 263 3226 756 3305; x_wconf 84' lang='lat' dir='ltr'><strong>interpretatione</strong></span> <span class='ocrx_word' id='word_1_267' title='bbox 786 3226 1118 3306; x_wconf 88' lang='lat' dir='ltr'><strong>compendii</strong></span> <span class='ocrx_word' id='word_1_268' title='bbox 1148 3227 1318 3286; x_wconf 89' lang='lat' dir='ltr'><strong>istius</strong></span> <span class='ocrx_word' id='word_1_269' title='bbox 1350 3233 1717 3298; x_wconf 85' lang='lat' dir='ltr'><strong>accentuum,</strong></span> <span class='ocrx_word' id='word_1_270' title='bbox 1751 3226 1907 3305; x_wconf 89' lang='lat' dir='ltr'><strong>quod</strong></span> <span class='ocrx_word' id='word_1_271' title='bbox 1939 3225 2295 3286; x_wconf 85' lang='lat' dir='ltr'><strong>referebatur</strong></span> <span class='ocrx_word' id='word_1_272' title='bbox 2323 3226 2395 3286; x_wconf 91' lang='lat' dir='ltr'><strong>ad</strong></span> 
     </span>
     <span class='ocr_line' id='line_1_34' title="bbox 264 3309 2394 3382; baseline -0 -11"><span class='ocrx_word' id='word_1_273' title='bbox 264 3310 697 3382; x_wconf 85' lang='lat' dir='ltr'><strong>Theodosium,</strong></span> <span class='ocrx_word' id='word_1_274' title='bbox 728 3312 884 3371; x_wconf 90' lang='lat' dir='ltr'><strong>unde</strong></span> <span class='ocrx_word' id='word_1_275' title='bbox 914 3328 1131 3370; x_wconf 90' lang='lat' dir='ltr'><strong>nomen</strong></span> <span class='ocrx_word' id='word_1_276' title='bbox 1159 3309 1479 3370; x_wconf 86' lang='lat' dir='ltr'><strong>Theodosii</strong></span> <span class='ocrx_word' id='word_1_277' title='bbox 1511 3309 1681 3371; x_wconf 88' lang='lat' dir='ltr'><strong>etiam</strong></span> <span class='ocrx_word' id='word_1_278' title='bbox 1714 3311 1784 3370; x_wconf 90' lang='lat' dir='ltr'><strong>ad</strong></span> <span class='ocrx_word' id='word_1_279' title='bbox 1814 3310 1968 3370; x_wconf 89' lang='lat' dir='ltr'><strong>hanc</strong></span> <span class='ocrx_word' id='word_1_280' title='bbox 1998 3309 2394 3370; x_wconf 84' lang='lat' dir='ltr'><strong>collectionem</strong></span> 
     </span>
     <span class='ocr_line' id='line_1_35' title="bbox 265 3394 2396 3473; baseline 0 -17"><span class='ocrx_word' id='word_1_281' title='bbox 265 3395 630 3456; x_wconf 87' lang='lat' dir='ltr'><strong>translatum</strong></span> <span class='ocrx_word' id='word_1_282' title='bbox 661 3403 777 3467; x_wconf 82' lang='lat' dir='ltr'><strong>est3</strong></span> <span class='ocrx_word' id='word_1_283' title='bbox 810 3395 1018 3456; x_wconf 89' lang='lat' dir='ltr'><strong>deinde</strong></span> <span class='ocrx_word' id='word_1_284' title='bbox 1049 3395 1308 3472; x_wconf 87' lang='lat' dir='ltr'><strong>singulae</strong></span> <span class='ocrx_word' id='word_1_285' title='bbox 1338 3394 1752 3471; x_wconf 87' lang='lat' dir='ltr'><strong>grammaticae</strong></span> <span class='ocrx_word' id='word_1_286' title='bbox 1784 3394 2074 3455; x_wconf 86' lang='lat' dir='ltr'><strong>sectiones</strong></span> <span class='ocrx_word' id='word_1_287' title='bbox 2100 3394 2396 3473; x_wconf 87' lang='lat' dir='ltr'><strong>explican-</strong></span> 
     </span>
     <span class='ocr_line' id='line_1_36' title="bbox 259 3479 2391 3556; baseline 0 -16"><span class='ocrx_word' id='word_1_288' title='bbox 259 3487 387 3540; x_wconf 74' lang='lat' dir='ltr'><strong>tur.</strong></span> <span class='ocrx_word' id='word_1_289' title='bbox 443 3480 740 3540; x_wconf 87' lang='lat' dir='ltr'><strong>Bekkerus</strong></span> <span class='ocrx_word' id='word_1_290' title='bbox 770 3480 861 3540; x_wconf 91' lang='lat' dir='ltr'><strong>his</strong></span> <span class='ocrx_word' id='word_1_291' title='bbox 893 3479 1132 3539; x_wconf 89' lang='lat' dir='ltr'><strong>scholiis</strong></span> <span class='ocrx_word' id='word_1_292' title='bbox 1165 3486 1223 3539; x_wconf 92' lang='lat' dir='ltr'><strong>et</strong></span> <span class='ocrx_word' id='word_1_293' title='bbox 1251 3479 1323 3539; x_wconf 88' lang='lat' dir='ltr'><strong>ad</strong></span> <span class='ocrx_word' id='word_1_294' title='bbox 1347 3479 1782 3556; x_wconf 84' lang='lat' dir='ltr'><strong>grammaticam</strong></span> <span class='ocrx_word' id='word_1_295' title='bbox 1807 3480 2221 3540; x_wconf 89' lang='lat' dir='ltr'><strong>recensendam</strong></span> <span class='ocrx_word' id='word_1_296' title='bbox 2247 3499 2391 3541; x_wconf 86' lang='lat' dir='ltr'><strong>usus</strong></span> 
     </span>
     <span class='ocr_line' id='line_1_37' title="bbox 265 3557 2401 3642; baseline -0 -17"><span class='ocrx_word' id='word_1_297' title='bbox 265 3572 365 3625; x_wconf 91' lang='lat' dir='ltr'><strong>est</strong></span> <span class='ocrx_word' id='word_1_298' title='bbox 405 3566 482 3642; x_wconf 87' lang='lat' dir='ltr'><strong>(v.</strong></span> <span class='ocrx_word' id='word_1_299' title='bbox 515 3583 572 3642; x_wconf 95' lang='lat' dir='ltr'>p.</span> <span class='ocrx_word' id='word_1_300' title='bbox 613 3563 801 3636; x_wconf 83' lang='lat'>1128,</span> <span class='ocrx_word' id='word_1_301' title='bbox 840 3563 939 3625; x_wconf 89' lang='lat' dir='ltr'><strong>ubi</strong></span> <span class='ocrx_word' id='word_1_302' title='bbox 984 3564 1404 3642; x_wconf 83' lang='lat' dir='ltr'><strong>consignantur</strong></span> <span class='ocrx_word' id='word_1_303' title='bbox 1442 3563 1626 3624; x_wconf 89' lang='lat' dir='ltr'><strong>littera</strong></span> <span class='ocrx_word' id='word_1_304' title='bbox 1666 3564 1752 3639; x_wconf 78' lang='lat' dir='ltr'><strong>h.)</strong></span> <span class='ocrx_word' id='word_1_305' title='bbox 1793 3572 1850 3624; x_wconf 85' lang='lat' dir='ltr'><strong>et</strong></span> <span class='ocrx_word' id='word_1_306' title='bbox 1891 3564 2069 3625; x_wconf 86' lang='lat' dir='ltr'><strong>multa</strong></span> <span class='ocrx_word' id='word_1_307' title='bbox 2110 3564 2243 3624; x_wconf 90' lang='lat' dir='ltr'><strong>inde</strong></span> <span class='ocrx_word' id='word_1_308' title='bbox 2284 3557 2401 3624; x_wconf 85' lang='lat' dir='ltr'><strong>ex-&#39;</strong></span> 
     </span>
     <span class='ocr_line' id='line_1_38' title="bbox 269 3647 2393 3726; baseline -0.001 -18"><span class='ocrx_word' id='word_1_309' title='bbox 269 3656 469 3726; x_wconf 85' lang='lat' dir='ltr'><strong>cerpta</strong></span> <span class='ocrx_word' id='word_1_310' title='bbox 509 3648 754 3726; x_wconf 87' lang='lat' dir='ltr'><strong>protulit</strong></span> <span class='ocrx_word' id='word_1_311' title='bbox 780 3648 841 3707; x_wconf 91' lang='lat' dir='ltr'><strong>in</strong></span> <span class='ocrx_word' id='word_1_312' title='bbox 871 3648 1030 3709; x_wconf 85' lang='lat' dir='ltr'><strong>notis</strong></span> <span class='ocrx_word' id='word_1_313' title='bbox 1063 3648 1276 3709; x_wconf 88' lang='lat' dir='ltr'><strong>criticis</strong></span> <span class='ocrx_word' id='word_1_314' title='bbox 1308 3668 1365 3726; x_wconf 90' lang='lat' dir='ltr'>p.</span> <span class='ocrx_word' id='word_1_315' title='bbox 1405 3648 1562 3707; x_wconf 87' lang='grc'><strong>1161</strong></span> <span class='ocrx_word' id='word_1_316' title='bbox 1599 3667 1723 3726; x_wconf 83' lang='lat' dir='ltr'><strong>sqq.</strong></span> <span class='ocrx_word' id='word_1_317' title='bbox 1735 3693 1751 3723; x_wconf 90' lang='lat'>,</span> <span class='ocrx_word' id='word_1_318' title='bbox 1784 3647 1883 3708; x_wconf 89' lang='lat' dir='ltr'><strong>uhi</strong></span> <span class='ocrx_word' id='word_1_319' title='bbox 1911 3648 1970 3708; x_wconf 89' lang='lat' dir='ltr'><strong>h.</strong></span> <span class='ocrx_word' id='word_1_320' title='bbox 1998 3649 2120 3708; x_wconf 87' lang='lat' dir='ltr'><strong>fere</strong></span> <span class='ocrx_word' id='word_1_321' title='bbox 2151 3648 2393 3725; x_wconf 87' lang='lat' dir='ltr'><strong>conspi-</strong></span> 
     </span>
     <span class='ocr_line' id='line_1_39' title="bbox 265 3732 2392 3811; baseline -0.001 -18"><span class='ocrx_word' id='word_1_322' title='bbox 265 3740 366 3793; x_wconf 87' lang='lat' dir='ltr'><strong>rat</strong></span> <span class='ocrx_word' id='word_1_323' title='bbox 407 3751 542 3793; x_wconf 89' lang='lat' dir='ltr'><strong>cum</strong></span> <span class='ocrx_word' id='word_1_324' title='bbox 573 3734 695 3793; x_wconf 88' lang='lat' dir='ltr'><strong>Vat</strong></span> <span class='ocrx_word' id='word_1_325' title='bbox 743 3732 924 3793; x_wconf 83' lang='lat'>1356.</span> <span class='ocrx_word' id='word_1_326' title='bbox 986 3733 1139 3793; x_wconf 90' lang='lat' dir='ltr'><strong>Sunt</strong></span> <span class='ocrx_word' id='word_1_327' title='bbox 1167 3733 1401 3793; x_wconf 86' lang='lat' dir='ltr'><strong>infimae</strong></span> <span class='ocrx_word' id='word_1_328' title='bbox 1432 3732 1663 3805; x_wconf 83' lang='lat' dir='ltr'><strong>aetatiS‚</strong></span> <span class='ocrx_word' id='word_1_329' title='bbox 1702 3734 2111 3810; x_wconf 85' lang='lat' dir='ltr'><strong>ingentemque</strong></span> <span class='ocrx_word' id='word_1_330' title='bbox 2151 3751 2288 3811; x_wconf 89' lang='lat' dir='ltr'><strong>prae</strong></span> <span class='ocrx_word' id='word_1_331' title='bbox 2329 3751 2392 3792; x_wconf 92' lang='lat' dir='ltr'><strong>se</strong></span> 
     </span>
    </p>
   </div>
   <div class='ocr_carea' id='block_1_6' title="bbox 267 3853 679 3863">
    <p class='ocr_par' dir='ltr' id='par_1_6' title="bbox 267 3853 679 3863">
     <span class='ocr_line' id='line_1_40' title="bbox 267 3853 679 3863; baseline 0 -4"><span class='ocrx_word' id='word_1_332' title='bbox 267 3853 470 3861; x_wconf 43' lang='grc' dir='ltr'><strong>Ἀ-..</strong></span> <span class='ocrx_word' id='word_1_333' title='bbox 481 3854 679 3863; x_wconf 53' lang='lat' dir='ltr'><strong>——uss</strong></span> 
     </span>
    </p>
   </div>
   <div class='ocr_carea' id='block_1_7' title="bbox 414 3894 2391 3983">
    <p class='ocr_par' dir='ltr' id='par_1_7' title="bbox 414 3894 2391 3983">
     <span class='ocr_line' id='line_1_41' title="bbox 414 3894 2391 3983; baseline 0.002 -38"><span class='ocrx_word' id='word_1_334' title='bbox 414 3896 496 3977; x_wconf 88' lang='grc'><strong>13)</strong></span> <span class='ocrx_word' id='word_1_335' title='bbox 536 3896 610 3948; x_wconf 87' lang='lat' dir='ltr'><strong>Cf.</strong></span> <span class='ocrx_word' id='word_1_336' title='bbox 638 3899 935 3983; x_wconf 82' lang='lat' dir='ltr'><strong>Apollouius</strong></span> <span class='ocrx_word' id='word_1_337' title='bbox 962 3900 1178 3980; x_wconf 82' lang='lat' dir='ltr'><strong>Syntax.</strong></span> <span class='ocrx_word' id='word_1_338' title='bbox 1217 3900 1326 3949; x_wconf 88' lang='lat' dir='ltr'><strong>init.</strong></span> <span class='ocrx_word' id='word_1_339' title='bbox 1362 3898 1422 3950; x_wconf 74' lang='grc' dir='ltr'><strong><em>ἐν</em></strong></span> <span class='ocrx_word' id='word_1_340' title='bbox 1458 3903 1577 3956; x_wconf 83' lang='grc' dir='ltr'><strong><em>ταῖς</em></strong></span> <span class='ocrx_word' id='word_1_341' title='bbox 1579 3898 2075 3982; x_wconf 72' lang='grc' dir='ltr'><strong><em>προεκδοθείσαις</em></strong></span> <span class='ocrx_word' id='word_1_342' title='bbox 2099 3894 2235 3963; x_wconf 82' lang='grc' dir='ltr'><strong><em>ἡμῖν</em></strong></span> <span class='ocrx_word' id='word_1_343' title='bbox 2260 3911 2391 3981; x_wconf 85' lang='grc' dir='ltr'><strong><em>σχο·</em></strong></span> 
     </span>
    </p>
   </div>
   <div class='ocr_carea' id='block_1_8' title="bbox 264 3960 2390 4083">
    <p class='ocr_par' dir='ltr' id='par_1_8' title="bbox 264 3960 2390 4083">
     <span class='ocr_line' id='line_1_42' title="bbox 264 3960 2390 4081; baseline 0.002 -69"><span class='ocrx_word' id='word_1_344' title='bbox 264 3960 458 4081; x_wconf 40' lang='grc' dir='ltr'><strong><em>λαΐςίη,</em></strong></span> <span class='ocrx_word' id='word_1_345' title='bbox 477 3967 609 4033; x_wconf 84' lang='grc' dir='ltr'><strong><em>περὶ</em></strong></span> <span class='ocrx_word' id='word_1_346' title='bbox 635 3964 732 4021; x_wconf 77' lang='grc' dir='ltr'><strong><em>τὰς</em></strong></span> <span class='ocrx_word' id='word_1_347' title='bbox 757 3964 950 4035; x_wconf 74' lang='grc' dir='ltr'><strong><em>φωιὰς</em></strong></span> <span class='ocrx_word' id='word_1_348' title='bbox 974 3963 1319 4036; x_wconf 84' lang='grc' dir='ltr'><strong><em>παραδοσις,</em></strong></span> <span class='ocrx_word' id='word_1_349' title='bbox 1346 3964 1539 4024; x_wconf 77' lang='grc' dir='ltr'><strong><em>καθώς</em></strong></span> <span class='ocrx_word' id='word_1_350' title='bbox 1563 3963 1766 4037; x_wconf 77' lang='grc' dir='ltr'><strong><em>ἀπῄτει</em></strong></span> <span class='ocrx_word' id='word_1_351' title='bbox 1791 3962 1820 4017; x_wconf 89' lang='lat'><strong>6</strong></span> <span class='ocrx_word' id='word_1_352' title='bbox 1848 3966 1977 4036; x_wconf 84' lang='grc' dir='ltr'><strong><em>περὶ</em></strong></span> <span class='ocrx_word' id='word_1_353' title='bbox 2003 3961 2187 4018; x_wconf 80' lang='grc' dir='ltr'><strong><em>αὐτῶν</em></strong></span> <span class='ocrx_word' id='word_1_354' title='bbox 2211 3962 2390 4035; x_wconf 80' lang='grc' dir='ltr'><strong><em>λόγος,</em></strong></span> 
     </span>
     <span class='ocr_line' id='line_1_43' title="bbox 265 4047 631 4083; baseline 0.006 -2"><span class='ocrx_word' id='word_1_355' title='bbox 265 4047 402 4082; x_wconf 83' lang='grc' dir='ltr'><strong><em>κατε</em></strong></span> <span class='ocrx_word' id='word_1_356' title='bbox 464 4047 631 4083; x_wconf 83' lang='grc' dir='ltr'><strong><em>εκται.</em></strong></span> 
     </span>
    </p>
   </div>
  </div>
 </body>
</html>
