2867 4717
430 359 536 412 120
1248 356 1340 411 De
1388 356 1498 410 via
1543 371 1736 412 sacra

426 513 652 595 piebat3
680 531 818 574 nam
842 511 999 591 quod
1030 511 1316 572 Romanis
1340 519 1463 572 erat
1489 513 1577 573 via
1601 512 1787 592 Appia
1809 512 1895 573 vel
1916 512 2135 587 Latina,
2157 515 2366 575 eodem
2391 517 2552 594 apud

423 597 810 660 Athenienses
839 598 968 670 hae,
1001 596 1214 675 quibus
1244 597 1575 658 Eleusinem
1606 603 1778 674 atque
1798 597 2165 659 Academiam
2191 618 2398 661 versus
2421 600 2553 662 iba-

424 691 550 754 tur,
589 682 711 742 viae
749 681 1109 744 habebantur
1147 682 1403 742 honore:
1452 681 1929 760 splendidissima
1968 683 2245 745 omnibus
2277 685 2551 747 divorum

425 766 690 828 manium
720 766 1105 827 colendorum
1140 766 1574 845 memoriaeque
1604 765 1968 844 sepultorum
1996 767 2178 828 titulis
2208 776 2382 848 atque
2412 789 2550 830 mo-

425 851 727 914 numentis
779 851 850 912 ab
900 850 1110 912 iniuria
1160 857 1498 929 temporum
1546 851 1923 912 vindicandae
1968 851 2094 913 loca
2143 854 2547 916 censebantur.

427 938 696 1010 Quorum
743 954 987 1015 operum
1034 935 1192 1013 quod
1237 936 1558 997 Pausanias
1601 954 1786 1015 pauca
1828 942 2059 997 tantum
2106 948 2549 1011 commemorat,

422 1021 566 1083 fecit
606 1021 932 1082 secundum
984 1020 1472 1081 consuetudinem
1514 1038 1703 1081 suam.
1770 1021 2034 1082 Primum
2078 1023 2344 1084 nominat
2384 1025 2547 1102 quod

424 1106 764 1203 proximum
806 1124 839 1165 a
876 1105 1076 1184 Dipylo
1130 1111 1252 1165 erat
1291 1114 1757 1166 monumentum
1772 1106 2192 1167 Anthemocriti
2223 1108 2549 1186 praeconiS,

425 1190 595 1252 cuius
626 1189 915 1252 historia
901 1209 961 1250 m
993 1189 1182 1250 causis
1213 1190 1348 1250 belli
1378 1184 1860 1292 Peloponnesiaci
1891 1191 2163 1270 explicari
2194 1191 2450 1267 solebat,
2492 1213 2544 1253 v.

423 1275 577 1336 Plut.
608 1275 813 1336 Pericl.
847 1293 895 1334 c.
929 1274 1039 1347 30,
1082 1274 1367 1353 Harpocr.
1397 1295 1451 1335 v,
1480 1267 2025 1373 Λνθεμόκριτος,
2059 1277 2158 1356 qui
2182 1277 2322 1337 citat
2348 1276 2548 1339 locum

423 1359 595 1432 Isaei,
626 1360 781 1420 unde
811 1358 1166 1438 perspicitur
1193 1368 1646 1421 monumentum
1678 1360 1864 1421 illud
1848 1361 2102 1439 imagine
2124 1361 2548 1422 Anthemocriti

423 1450 694 1505 ornatum
732 1443 948 1519 fuisse,
993 1444 1299 1524 deincep5‚
1347 1445 1556 1506 additis
1599 1447 1671 1506 de
1712 1445 1955 1523 singulis
1999 1465 2145 1525 quae
2184 1465 2254 1506 ex
2301 1445 2545 1507 historia

424 1528 773 1605 attinebant,
803 1537 1185 1591 recensentur
1217 1530 1483 1608 sepulcra
1513 1530 1775 1602 Molossi,
1809 1530 2214 1609 Cephisodori,
2245 1530 2545 1600 Heliodori

421 1614 684 1693 pictoriS,
700 1614 949 1675 Nicoclis
968 1613 1286 1689 Tarentini,
1302 1614 1583 1688 aliorum3
1609 1615 1819 1694 quibus
1839 1635 1907 1674 ex
1924 1615 2261 1677 Philostrati
2283 1616 2354 1677 de
2378 1633 2545 1694 gym-

421 1699 642 1760 nastica
663 1698 874 1771 libello
898 1717 1090 1799 nuper
1109 1698 1263 1759 edito
1288 1699 1595 1801 aKaysero
1615 1699 1877 1760 Heidelb.
1908 1699 2088 1773 1840,
2111 1719 2168 1778 p.
2198 1701 2441 1778 14[cap.
2463 1700 2545 1759 54

424 1784 515 1844 ed.
547 1783 942 1885 Daremberg.]
976 1803 1093 1844 και
1137 1775 1176 1864 ἡ
1222 1777 1341 1844 ἐπὶ
1369 1785 1431 1844 Γ
1431 1802 1633 1866 ερννῳ
1662 1779 1760 1864 τῷ
1789 1780 2132 1886 παλαιστῇ
2163 1779 2544 1885 διαμαρτία,

427 1853 507 1928 οὗ
548 1863 626 1928 τὸ
672 1863 852 1951 σῆμα
894 1860 1259 1951 Ἀθήνῃσιν
1301 1861 1369 1929 ἐν
1414 1825 1605 1952 δεξιᾷ
1645 1865 1761 1949 τῆς
1796 1846 2207 1930 Ἑλευσίναδε
2247 1864 2411 1929 odos)
2439 1869 2541 1929 ad-

426 1952 531 2012 das
572 1961 1023 2014 monumentum
1055 1952 1264 2013 Gereni
1308 1952 1613 2014 luctatoris
1644 1953 2098 2031 Olympionicae.
2155 1952 2315 2013 Inter
2344 1953 2539 2033 sepul-

425 2054 591 2098 crum
624 2037 866 2098 Molossi
911 2038 1020 2116 (de
1059 2056 1175 2116 quo
1215 2056 1269 2096 v.
1301 2037 1474 2097 Leak.
1509 2039 1578 2098 de
1620 2037 1775 2098 dem.
1804 2043 1919 2098 Att.
1995 2084 2010 2097 .
2048 2037 2206 2115 139)
2239 2045 2297 2098 et
2325 2055 2541 2098 monu-

424 2128 692 2182 mentum
722 2121 1109 2201 Cephisodori
1136 2121 1459 2182 Pausanias
1490 2129 1780 2182 memorat
1804 2057 2045 2203 χωρῗον
2071 2121 2321 2204 Σκῖρον,
2351 2141 2381 2182 a
2411 2129 2540 2182 vate

423 2206 742 2268 Dodonaeo
774 2206 1143 2285 appellatum,
1177 2205 1275 2284 qui
1298 2205 1609 2267 Eleusiniis
1635 2226 1767 2267 cum
1790 2206 2247 2267 Atheniensibus
2271 2224 2538 2285 pugnan-

423 2289 582 2351 tibus
614 2292 812 2352 socius
841 2292 1042 2362 fuisse,
1073 2298 1129 2351 et
1159 2309 1293 2350 cum
1316 2290 1377 2350 in
1402 2309 1598 2387 pugna
1625 2290 1942 2363 cecidisset,
1966 2291 2117 2351 hoc
2102 2308 2164 2351 1n
2184 2291 2316 2351 loco
2344 2291 2536 2368 sepul-

424 2383 522 2436 tus
562 2393 694 2435 esse
733 2375 1098 2448 credebatur,
1126 2392 1250 2435 non
1279 2374 1450 2454 longe
1482 2394 1514 2435 a
1544 2375 1666 2435 rivo
1710 2368 2016 2458 (πλησίον
2058 2373 2367 2454 ποταμοῦ
2408 2395 2542 2451 χει-

423 2456 747 2541 μαρροῦ),
790 2478 963 2538 quem
1003 2468 1061 2520 et
1100 2459 1296 2537 ipsum
1340 2460 1609 2538 perhibet
1646 2448 1717 2519 ab
1747 2459 1897 2520 istoc
1924 2468 2053 2520 vate
2084 2460 2304 2520 dictum
2334 2460 2542 2520 fuisse:

429 2544 529 2624 qui
569 2544 730 2605 rivus
772 2544 909 2604 olim
940 2544 1159 2604 balneis
1192 2562 1379 2623 prope
1408 2551 1858 2605 monumentum
1888 2544 2314 2605 Anthemocriti
2342 2544 2546 2605 aedifi-

427 2628 568 2689 catis
602 2647 813 2732 aquam
840 2628 1254 2731 suppeditabat
1278 2629 1501 2732 (Isaeus
1528 2648 1620 2707 ap
1647 2628 1931 2708 Harpocr.
1957 2629 1995 2690 l.
2022 2648 2070 2690 c.
2093 2625 2172 2690 τὸ
2201 2625 2545 2709 βαλανεῖον

423 2708 500 2774 τὸ
535 2705 694 2797 παρ
729 2704 1247 2810 Ἀνθεμοκρίτου
1269 2704 1684 2810 ανόρίαντα),
1724 2731 1884 2774 nunc
1912 2721 2106 2774 autem
2136 2713 2347 2775 facile
2332 2733 2382 2774 1s
2415 2732 2545 2773 esse

427 2799 908 2877 deprehenditur,
952 2817 1126 2876 quem
1167 2799 1227 2859 in
1265 2799 1637 2877 ingressione
1678 2799 1850 2859 silvae
1881 2798 2139 2859 olearum
2171 2798 2319 2859 viam
2352 2817 2546 2858 secare

427 2890 669 2944 narrant
696 2882 915 2944 Gellius
947 2891 1005 2942 et
1032 2883 1311 2952 Leakiust,
1342 2884 1414 2943 cf.
1438 2884 1627 2944 Kruse
1656 2883 1692 2942 l.
1718 2902 1763 2945 c.
1791 2902 1848 2960 p.
1877 2882 1989 2958 33‚·
2024 2884 2163 2943 170.
2208 2882 2352 2942 Inde
2374 2883 2544 2943 etiam

426 2969 499 3028 de
541 2966 666 3028 vico
699 2967 865 3028 Sciro
908 2967 1049 3027 satis
1091 2974 1242 3028 certa
1274 2969 1571 3028 conclusio
1605 2974 1723 3040 est,
1766 2967 1865 3046 qui
1894 2967 2064 3028 variis
2097 2966 2544 3028 solennitatibus

428 3052 610 3114 sacris
642 3051 950 3130 religiosus
981 3057 1103 3112 erat
1131 3053 1206 3129 (v.
1237 3052 1461 3113 Demet.
1492 3059 1550 3112 et
1570 3052 1851 3131 Perseph.
1877 3071 1932 3130 p.
1960 3052 2131 3128 292),
2154 3069 2353 3112 verum
2371 3051 2542 3112 etiam

427 3145 792 3208 scortorum,
835 3136 1182 3208 aleatorum,
1225 3137 1586 3215 aliorumque
1622 3137 1680 3197 id
1711 3154 1893 3233 genus
1922 3136 2386 3197 homuncionum
2419 3142 2546 3196 sta-

427 3223 590 3283 tione
618 3222 882 3283 famosus
909 3222 1140 3300 (Steph.
1168 3182 1237 3281 Β.
1266 3240 1318 3281 v.
1349 3221 1636 3304 Σκῖρον),
1680 3222 1844 3282 cuius
1884 3227 2081 3282 tamen
2112 3221 2302 3281 famae
2332 3220 2542 3280 invidia

428 3307 683 3386 quodam
724 3306 903 3367 modo
938 3307 1143 3368 elevari
1173 3313 1370 3385 potest
1397 3306 1561 3380 inde,
1602 3307 1759 3386 quod
1791 3306 2037 3367 Photius
2071 3306 2129 3365 in
2167 3306 2277 3366 lex.
2327 3324 2385 3384 p.
2422 3304 2543 3366 522

427 3410 538 3471 pro
570 3391 782 3452 scortis
814 3392 1081 3452 nominat
1108 3398 1284 3452 vates,

601 3475 856 3536 Ulterius
888 3493 1239 3554 progressos
1280 3493 1526 3535 amoena
1557 3474 1817 3536 olearum
1848 3475 1983 3534 silva
2015 3474 2254 3553 excipit,
2293 3473 2364 3535 ab
2394 3473 2544 3533 anti-

427 3559 730 3640 quissimis
772 3561 908 3620 inde
950 3560 1317 3638 temporibus
1349 3559 1562 3637 irrigua
1592 3559 1684 3620 illa
1718 3560 1908 3637 campi
1937 3559 2314 3620 Atheniensis
2360 3558 2544 3637 spatia

432 3663 726 3724 occupans
757 3663 978 3724 perque
1009 3663 1247 3705 omnem
1273 3644 1605 3705 mortalium
1640 3662 1888 3723 operum
1918 3644 2147 3705 ruinam
2180 3644 2545 3704 adolescente

427 3731 490 3791 in
521 3744 708 3790 annos
739 3729 1062 3808 propagine
1105 3730 1175 3790 ad
1215 3737 1480 3791 nostram
1513 3747 1701 3807 usque
1729 3728 2076 3788 memoriam
2108 3729 2347 3789 duranS.
2405 3727 2544 3787 Irri-

429 3822 639 3892 gantur
667 3822 861 3876 autem
892 3815 1035 3874 haec
1060 3814 1188 3874 loca
1216 3815 1458 3874 flumine
1489 3813 1778 3892 Cephissi,
1811 3812 2078 3891 plurimis
2109 3813 2312 3872 rivulis
2337 3828 2541 3888 aquam

432 3917 596 3958 suam
643 3918 749 3977 per
791 3900 1004 3959 hortos
1052 3898 1525 3959 circumiacentes
1576 3897 1989 3976 dispertientiS.
2066 3897 2306 3957 Videtur
2348 3901 2544 3955 tamen

433 3982 626 4043 omnis
656 3984 866 4044 harum
905 3983 1213 4061 regionum
1254 3984 1479 4062 species
1522 3985 1770 4044 multum
1801 3983 1872 4044 ab
1904 3983 2281 4062 antiquorum
2310 3986 2543 4058 tempo-
