2867 4717
479 409 544 460 38
1312 407 1395 457 De
1431 406 1761 457 Hellanico

481 576 681 658 priore
709 582 883 655 atque
912 575 1168 636 secunda
1192 573 1560 654 expeditione
1584 572 1862 634 adversus
1884 573 2113 636 Thebas
2144 593 2238 653 ap.
2265 575 2402 635 Sch.
2424 574 2593 636 Pind.

478 663 645 742 Pyth.
676 661 817 735 VllI,
850 661 947 723 68.
1002 662 1084 721 Ex
1117 660 1341 721 filiabus
1372 659 1593 721 Niobae
1622 658 1722 719 uni
1752 657 2055 720 Chloridae
2084 667 2468 739 pepercerant
2495 679 2593 721 sa-

478 748 653 826 gittae
681 746 1076 819 Letoidarum,
1117 764 1263 823 quae
1301 764 1371 805 ex
1409 744 1588 804 Neleo
1629 744 1856 823 peperit
1893 744 2223 805 Nestorem.
2294 745 2392 806 Sic
2422 765 2593 824 prae-

480 832 790 911 parabatur
840 831 1097 891 narratio
1130 830 1505 903 Troicorum,
1552 829 1761 908 quibus
1805 828 1975 889 etiam
2018 829 2227 890 fabulis
2268 830 2338 891 de
2378 830 2596 910 Pelope

479 917 719 995 eiusque
749 916 880 976 filiis
912 916 1245 994 praelusum
1285 915 1470 976 fuisse
1500 914 1733 987 dixeriS,
1774 933 1826 974 v.
1874 932 2019 993 quae
2060 921 2288 975 exstant
2330 934 2423 994 ap.
2456 915 2593 976 Sch.

479 1002 542 1063 ll.
575 1002 636 1082 β,
677 1002 794 1061 105
829 1002 898 1061 de
928 1001 1330 1080 Hippodamea
1371 1019 1402 1060 a
1442 999 1661 1077 Pelope
1705 1000 1873 1060 ducta
1915 1000 2102 1077 deque
2142 998 2450 1079 Chrysippi
2489 1020 2596 1079 per

478 1087 718 1147 Atreum
751 1093 923 1165 atque
953 1085 1264 1165 Thyestem
1296 1084 1536 1145 necibus
1569 1083 1921 1162 Pelopisque
1951 1084 2013 1143 in
2050 1084 2203 1144 filios
2242 1085 2596 1146 exsecratio-

479 1170 672 1243 nibuS‚
706 1190 849 1249 quae
871 1170 1061 1230 fabula
1093 1178 1183 1230 est
1214 1189 1284 1230 ex
1304 1170 1473 1234 tetris
1496 1168 1606 1229 illis
1638 1177 1809 1247 atque
1831 1170 2185 1247 tragoediam
2211 1169 2592 1254 spirantibus,

479 1275 623 1334 quas
656 1274 788 1316 cum
821 1254 1015 1315 studio
1050 1256 1307 1333 quodam
1348 1256 1681 1315 animorum
1725 1253 2291 1315 commovendorum
2321 1274 2353 1316 a
2384 1254 2594 1333 priscis

478 1340 774 1401 historicis
806 1360 872 1400 ex
904 1340 1305 1400 monumentis
1335 1339 1602 1400 locorum
1648 1339 1918 1399 excitatas
1962 1357 2094 1399 esse
2135 1347 2425 1401 memorat
2452 1339 2593 1400 Dio-

481 1426 682 1504 nysius
713 1425 1244 1486 Halicarnassensis
1264 1426 1290 1464 2
1306 1425 1383 1503 8).

400 1591 451 1629 19
1366 1576 1415 1626 d.
1453 1573 1696 1626 Troica.

645 1680 692 1739 A
724 1680 999 1741 Dardano
1032 1679 1227 1741 omnis
1251 1679 1644 1741 Troianorum
1678 1677 1989 1758 antiquitas
2020 1678 2409 1757 repetebatur,
2439 1686 2504 1742 ut
2533 1680 2594 1741 in

475 1763 845 1842 ingressione
875 1763 1072 1844 operis
1101 1774 1256 1827 recte
1297 1782 1488 1845 ponas
1521 1783 1670 1844 quae
1710 1783 1779 1825 ex
1816 1762 2014 1843 priore
2056 1764 2403 1826 Troicorum
2442 1765 2593 1827 libro

475 1848 784 1910 laudantur
824 1868 916 1929 ap.
951 1849 1145 1910 Schol.
1190 1850 1299 1928 Ap.
1330 1848 1373 1921 I,
1403 1849 1557 1924 916,
1609 1849 1766 1910 unde
1803 1848 1980 1910 simul
2016 1849 2402 1912 arctissimam
2443 1851 2595 1913 inter

476 1934 860 1995 Atlantiadem
892 1940 1064 2013 atque
1096 1935 1305 1995 Troica
1337 1934 1764 1995 connexionem
1797 1934 2096 2010 fuissem)
2143 1942 2417 2015 apparet:
2462 1930 2598 1998 ἐκεῖ

479 2019 565 2098 (in
609 2019 795 2120 insula
850 2019 1249 2121 Samothrace)
1304 2009 1468 2122 ιξίκει
1515 2011 1832 2118 Ἠλέζιτρα
1885 2009 1927 2102 ἦ
1979 2009 2366 2123 ῗᾈτλοιντος·κ
2391 2054 2476 2066 -—
2516 2014 2597 2121 {v

478 2099 1485 2269 522532,‚E31t..{¹.t⁶5202²51m02
1516 2099 1920 2267 'mma
1937 2097 2237 2262 ,ἕῖΞὝε
2264 2104 2599 2270 εἷέηέἕῗὲξ

479 2272 621 2332 haec
652 2273 808 2352 apud
842 2273 1045 2351 Steph.
1074 2273 1141 2333 B.
1164 2291 1216 2332 v.
1250 2263 1556 2350 Βατίεια,
1600 2266 1812 2347 τόπος
1854 2269 1972 2376 τῆς
2023 2266 2267 2356 Τροίας
2315 2268 2594 2360 ὑψηλός·

480 2351 788 2441 κέκληται
819 2348 960 2419 ἀπὸ
993 2349 1285 2431 Βατείας
1311 2351 1512 2432 τινός,
1554 2348 1645 2433 ὥς
1676 2350 1842 2418 Ἑλλ.
1889 2378 1956 2420 εν
1987 2352 2045 2418 α’
2086 2356 2412 2442 Τρωϊκῶν,
2447 2379 2595 2441 quae

477 2441 669 2503 Batiea
698 2450 821 2504 erat
847 2443 959 2503 filia
989 2442 1218 2516 Teucri,
1249 2461 1399 2503 uxor
1420 2442 1690 2517 Dardani,
1718 2450 1777 2504 et
1803 2443 2002 2503 eadem
2035 2442 2096 2504 in
2126 2447 2459 2507 narratione
2482 2465 2594 2507 no-

477 2527 734 2588 minatur
772 2526 842 2587 ab
874 2528 1252 2606 Apollodoro.
1310 2527 1419 2587 Alii
1460 2545 1706 2589 uxorem
1736 2528 1987 2589 Dardani
2026 2529 2395 2609 appellabant
2429 2531 2594 2593 Aris-

475 2610 628 2685 bam,
652 2612 826 2672 filiam
844 2611 1049 2684 CretiS,
1071 2631 1124 2673 v.
1144 2612 1345 2691 Steph.
1364 2612 1431 2672 B.
1456 2631 1509 2672 v.
1534 2603 1832 2696 Ἀρίσβῃ,
1859 2612 2054 2674 Schol.
2073 2615 2137 2675 ll.
2156 2635 2213 2688 v,
2238 2615 2380 2688 236,
2402 2616 2592 2696 Etym.

477 2696 554 2757 Μ.
588 2716 637 2756 v,
672 2689 955 2771 Βάτεια,
1001 2696 1100 2758 ubi
1129 2696 1413 2776 repetitur
1452 2697 1856 2758 testimonium
1901 2698 2196 2761 Hellanici.
2266 2700 2595 2780 Subiungas

478 2781 614 2842 Sch.
638 2781 703 2841 Il.
734 2802 791 2851 v,
829 2783 948 2842 145
981 2783 1052 2842 de
1074 2782 1350 2863 Neptuno
1376 2789 1547 2861 atque
1569 2782 1832 2861 Apolline
1855 2784 2240 2846 Laomedonti
2261 2785 2596 2848 famulanti-

474 2865 607 2939 bus,
637 2866 926 2928 Hesionae
952 2867 1180 2946 nuptiis
1212 2887 1245 2929 a
1273 2868 1673 2929 Laomedonte
1703 2868 2048 2947 propositiS,
2093 2869 2360 2938 Herculis
2390 2872 2592 2933 adver-

479 2968 580 3010 sus
612 2951 863 3011 eundem
893 2951 1280 3030 expeditione,
1313 2953 1479 3014 cuius
1509 2952 1859 3014 narrationis
1891 2971 2029 3031 pars
2060 2955 2359 3034 copiosius
2383 2974 2593 3019 secun-

477 3033 615 3095 dum
647 3035 1007 3097 Hellanicum
1051 3042 1331 3098 tractatur
1384 3055 1480 3115 ap.
1533 3038 1722 3098 Tzetz.
1768 3037 1838 3098 ad
1882 3038 2170 3117 Lycophr.
2213 3041 2357 3103 469.
2431 3042 2594 3103 Adde

477 3119 613 3180 Sch.
643 3120 707 3180 Il.
742 3138 794 3199 γ,
827 3120 949 3181 250
983 3122 1054 3182 de
1086 3119 1341 3201 Strymo,
1370 3121 1590 3184 Priami
1621 3128 1829 3194 matre,
1861 3121 1999 3184 Sch.
2029 3123 2115 3196 Il.,
2149 3144 2203 3205 y,
2240 3127 2353 3187 151
2392 3126 2463 3187 de
2491 3127 2591 3187 Ti-

476 3205 681 3278 thono,
709 3204 929 3265 Priami
954 3206 1151 3280 fratre,
1183 3205 1254 3267 ab
1277 3208 1526 3268 IIemera
1553 3213 1768 3281 amato,
1799 3207 2127 3270 Memnonis
2150 3218 2333 3289 patre,
2362 3212 2591 3272 Arrian.

475 3289 797 3350 Dissertatt.
828 3290 1014 3368 Epict.
1042 3291 1112 3365 11,
1151 3292 1225 3352 19
1258 3291 1329 3353 de
1357 3292 1575 3353 Priami
1604 3292 1757 3365 filiis,
1791 3292 1925 3353 Sch.
1947 3293 2010 3354 Il.
2045 3314 2094 3368 ε,
2128 3295 2207 3357 64
2241 3295 2312 3356 de
2340 3295 2590 3359 Alexan-

476 3372 565 3433 dri
596 3381 768 3452 atque
796 3374 1036 3437 Menelai
1081 3377 1234 3455 apud
1265 3377 1523 3456 Delphos
1571 3384 1858 3438 conventu
1902 3377 2088 3458 deque
2126 3381 2391 3456 oraculo,
2433 3382 2590 3463 quod

476 3458 748 3519 Troianis
779 3458 851 3520 ab
880 3459 1147 3540 Apolline
1177 3461 1476 3536 edebatur,
1508 3461 1920 3524 abstinendum
1953 3483 2087 3526 esse
2115 3485 2148 3527 a
2179 3466 2346 3527 mari.

609 3658 692 3723 28)
730 3660 803 3710 De
829 3659 1053 3727 Thucyd.
1088 3662 1186 3712 iud.
1214 3679 1257 3713 c.
1284 3664 1332 3713 5.
1357 3662 1417 3715 ἐν
1451 3653 1541 3719 αἷς
1576 3663 1715 3726 (ταῖς
1749 3663 1906 3734 παρὰ
1941 3670 2061 3725 τοῖς
2090 3664 2420 3738 ἐπιχωρίοις
2448 3666 2590 3739 μνή-

470 3728 622 3797 μαις)
649 3727 741 3777 καὶ
762 3728 952 3796 μῦθοί
982 3745 1124 3786 τινες
1157 3726 1361 3793 ἐνῆσαν
1382 3727 1495 3782 ὑπὸ
1530 3730 1627 3782 τοῦ
1663 3732 1879 3783 πολλοῦ
1911 3738 2351 3800 πεπιστευμένοι
2373 3734 2593 3805 χρόνου

471 3797 567 3916 ,ἑαὶ
607 3798 903 3864 θεατρικαί
947 3813 1091 3855 τινες
1136 3800 1509 3868 περιπέτειαι,
1566 3794 1713 3851 πολὺ
1761 3799 1824 3851 τὸ
1867 3796 2097 3868 ἠλίθιον
2138 3802 2287 3873 ἔχειν
2326 3809 2445 3863 τοῖς
2488 3807 2592 3860 νῦν

516 3866 769 3915 οκοῦσαι.

607 3932 692 3994 29)
729 3930 861 3982 Idem
887 3948 1012 3999 opus
1045 3932 1204 3984 fuisse
1240 3935 1420 3986 statuit
1454 3935 1686 3987 Stnrzins
1719 3952 1767 4003 p.
1794 3935 1876 4002 64,
1912 3940 2001 3989 sed
2036 3940 2221 3990 citatur
2251 3948 2305 3991 et
2336 3940 2589 3993 Atlantias

472 4007 527 4051 et
548 3999 843 4051 Troicorum
868 4000 1116 4066 expositio
1138 4002 1280 4052 libris
1306 4003 1529 4066 duobus;
1565 4006 1776 4070 denique
1811 4006 2007 4055 nimium
2042 4008 2091 4056 in
2118 4007 2316 4059 Troicis
2349 4012 2590 4062 materiae

474 4075 602 4132 erat,
627 4084 768 4134 quam
794 4069 924 4135 quod
942 4071 1232 4137 appendicis
1258 4072 1370 4122 loco
1395 4072 1445 4122 in
1470 4072 1761 4123 Atlantiade
1788 4076 1994 4125 tractari
2017 4076 2283 4142 potuisset.
