2867 4717
399 2434 449 2472 31

485 452 550 502 48
1313 451 1394 501 De
1431 449 1758 501 Hellanico

484 617 655 679 etiam
687 618 922 680 Oriente
948 617 1165 679 famam
1207 614 1277 677 ad
1308 612 1666 678 Hellanicum
1705 622 2043 695 penetrasse
2082 615 2428 689 ostendunt,
2470 630 2595 677 non

484 703 651 764 aliam
685 704 875 778 credo,
917 722 1091 783 quam
1123 720 1268 782 quae
1306 700 1624 780 Phrynichi
1665 700 2042 780 Aeschylique
2078 702 2276 762 Musas
2316 700 2592 780 implevit,

482 806 605 849 non
637 796 698 850 ut
725 789 852 850 illas
875 789 1145 868 regiones
1177 787 1302 867 ipse
1334 786 1542 848 obierit
1562 786 1716 847 velut
1736 786 2071 852 Herodotus
2102 793 2160 847 et
2182 785 2417 848 CtesiaS.
2473 785 2588 847 Sed

482 881 753 953 poterant
780 874 890 934 illis
921 872 1287 953 temporibus
1319 872 1490 932 etiam
1525 871 1622 950 qui
1666 889 1789 931 non
1819 872 1968 932 inter
1998 872 2207 933 Persas
2245 872 2595 952 peregrinati

482 967 648 1020 erant
669 960 823 1039 apud
847 959 1096 1020 Graecos
1122 956 1411 1019 Asiaticos
1427 956 1516 1021 vel
1538 956 1711 1017 etiam
1735 956 1795 1016 in
1818 957 1948 1036 ipsa
1968 956 2203 1019 Graecia
2229 958 2367 1018 satis
2392 958 2592 1030 multa,

481 1064 626 1123 quae
655 1052 984 1105 memoratu
1015 1043 1185 1122 digna
1214 1041 1572 1116 viderentur,
1612 1061 1681 1102 ex
1711 1042 2022 1103 hominum
2051 1042 2463 1104 traditionibus
2494 1060 2591 1103 ar-

479 1130 688 1209 ripere.
745 1129 1117 1191 Memorabile
1154 1146 1290 1188 vero
1333 1127 1723 1200 Hellanicum,
1769 1135 2060 1210 quotquot
2097 1134 2329 1190 exstant
2369 1147 2439 1188 ex
2478 1128 2594 1188 hoc

485 1234 690 1295 opere,
743 1214 1009 1294 plurimis
1054 1214 1381 1291 discrepare
1420 1212 1491 1273 ab
1532 1212 1862 1287 Herodot03
1913 1214 2069 1274 unde
2112 1214 2494 1275 confirmatur
2532 1212 2589 1273 id

481 1301 638 1380 quod
670 1318 847 1379 supra
878 1299 1072 1374 statui,
1102 1298 1449 1379 Aegyptiaca
1480 1304 1783 1377 ceteraque
1812 1298 1870 1359 id
1902 1316 2085 1376 genus
2119 1298 2351 1378 scripta,
2384 1317 2455 1358 ex
2475 1297 2593 1358 He-

480 1386 692 1446 rodoto
725 1385 1054 1465 compilata,
1087 1383 1380 1444 Hellanico
1413 1403 1444 1443 a
1474 1383 1900 1444 recentioribus
1932 1384 2240 1464 supposita
2268 1383 2468 1445 fuisse.

653 1470 928 1532 Solebant
955 1470 1311 1531 fabulatores
1338 1468 1539 1529 Graeci
1572 1487 1778 1530 omnes
1810 1477 2013 1546 gentes
2040 1477 2262 1530 exteras
2288 1473 2593 1529 stemmata

480 1562 653 1634 atque
705 1555 1066 1634 genealogias
1114 1554 1493 1634 procudendo
1538 1572 1668 1614 cum
1699 1551 1838 1614 ‘suis
1879 1554 2145 1633 ipsorum
2185 1554 2462 1616 heroibus
2512 1553 2590 1613 ita

481 1642 820 1701 consociare
849 1648 1019 1719 atque
1049 1640 1119 1700 ad
1150 1657 1328 1700 unam
1361 1639 1607 1717 stirpem
1639 1638 1931 1718 copulare,
1966 1646 2028 1700 ut
2058 1639 2294 1701 Graecia
2324 1638 2588 1700 omnium

480 1726 803 1798 nationum,
839 1733 1130 1805 quotquot
1157 1731 1299 1785 tunc
1327 1730 1501 1784 notae
1532 1730 1714 1797 erant,
1744 1724 1905 1785 radix
1934 1732 2106 1804 atque
2135 1732 2319 1786 mater
2348 1743 2479 1784 esse
2501 1723 2589 1782 vi-

481 1811 741 1883 deretur,
795 1810 1061 1871 similiter
1118 1817 1289 1888 atque
1341 1809 1494 1887 apud
1543 1809 1787 1870 ludaeos
1834 1809 2152 1888 antiquitus
2197 1810 2414 1871 factum
2461 1826 2593 1869 esse

479 1902 772 1958 monstrat
802 1903 1048 1957 stemma
1088 1895 1226 1956 illud
1259 1893 1711 1955 Noachidarum.
1788 1894 1962 1955 Cuius
2003 1895 2175 1956 studii
2219 1894 2392 1955 sicuti
2435 1893 2589 1973 apud

483 1982 854 2043 Herodotum
885 1980 1122 2058 vestigia
1152 1979 1433 2040 nonnulla
1466 1978 1998 2058 deprehenduntur,
2029 1980 2105 2040 ita
2136 1979 2411 2041 Hellanici
2441 1995 2592 2057 opus

478 2073 666 2128 totum
698 2068 757 2127 in
800 2086 869 2127 eo
913 2066 1172 2146 positum
1214 2071 1353 2126 erat.
1433 2064 1635 2124 Belum
1678 2071 1848 2144 atque
1887 2067 2242 2144 Agenorem,
2295 2063 2590 2126 Phoronei

479 2170 680 2229 genus»,
711 2151 1020 2212 tradebant
1049 2168 1390 2230 procreasse
1414 2151 1756 2229 Aegyptum,
1788 2150 2068 2224 Danaum,
2100 2151 2416 2230 Cepheum,
2448 2149 2589 2209 Phi-

479 2255 682 2311 neum3
714 2237 782 2297 ab
813 2236 906 2296 his
931 2235 1268 2296 nominatos
1294 2253 1426 2295 esse
1446 2227 1776 2314 Aegyptio‘s,
1799 2234 2047 2308 Danaos,
2071 2236 2393 2315 CepheneS,
2416 2227 2592 2295 Ponti

479 2322 723 2382 accolae.
793 2321 890 2382 Sic
918 2321 1185 2400 Apollod.
1216 2320 1285 2392 11,
1323 2321 1376 2392 1,
1408 2320 1480 2395 43
1523 2320 1607 2380 sic
1636 2320 1990 2399 Pherecydes
2023 2339 2114 2399 ap.
2149 2320 2283 2400 Sch.
2314 2320 2583 2398 Apollon.

478 2406 575 2477 ΙΙΙ,
614 2406 807 2481 11853
840 2406 926 2467 sic
955 2406 1123 2467 etiam
1157 2404 1484 2466 Hellanicus
1516 2423 1608 2483 ap.
1640 2404 1723 2465 St.
1756 2405 1820 2465 B.
1853 2423 1907 2465 v.
1946 2398 2247 2508 Ἀρταῖα,
2294 2399 2589 2487 Περσική

480 2487 676 2571 χώρα,
723 2480 802 2573 ἣν
847 2485 1121 2552 ε’πόλισε
1163 2485 1454 2573 Περσεὺς
1511 2482 1547 2550 ὃ
1588 2483 1896 2573 Περσέως
1949 2510 2065 2551 και
2124 2482 2587 2572 Ἀνδρομέδας.

491 2569 658 2636 Ἑλλ.
707 2570 775 2637 ἐν
803 2572 1152 2659 Περσικῶν
1196 2568 1445 2658 πρώτῃ.
1522 2574 1927 2636 Andromedae
1955 2582 2121 2654 pater
2148 2582 2273 2637 erat
2301 2575 2589 2654 CepheuS,

476 2659 918 2739 antiquissimus
970 2660 1344 2740 Assyriorum
1396 2676 1755 2739 eponymuS‚
1807 2660 1877 2720 de
1919 2679 2030 2739 qua
2076 2678 2140 2721 re
2182 2660 2586 2722 testimonium

478 2746 679 2807 Nostri
717 2746 1022 2807 adhibetur
1065 2764 1158 2824 ap.
1192 2745 1440 2805 eundem
1480 2763 1530 2804 v.
1562 2740 1919 2819 Χαλδαῖοι,
1968 2736 2033 2807 οἱ
2074 2739 2395 2827 πρότερον
2437 2746 2585 2827 Κη-

476 2828 693 2913 φῆνες.
739 2868 822 2875 —
860 2822 1235 2903 Ἑλλάνικος
1265 2822 1341 2891 δέ
1383 2846 1598 2913 φησιν.
1630 2823 1699 2891 ἒν
1727 2823 1971 2912 πρώτῳ
2002 2828 2351 2912 Περσικῶν
2383 2822 2584 2892 οὕτω·

476 2911 762 2998 Κηφέως
829 2907 1052 2977 οὐκέτι
1120 2911 1354 2990 ζῶντος
1418 2909 1971 2996 στρατευσάμενοι
2050 2910 2123 2977 ἐκ
2191 2910 2587 2995 Βαβυλῶνος

479 2992 842 3083 ἀνέστησαν
883 2994 955 3061 ἐκ
1008 2995 1124 3081 τῆς
1174 2993 1388 3102 χώρας
1442 2993 1558 3059 καὶ
1610 2995 1728 3082 τὴν
1771 2995 2000 3083 Χογήν
2044 2992 2249 3079 ἔσχον,
2289 3000 2316 3028 *
2363 2992 2585 3061 οὐκέτι

477 3076 516 3168 ἦ
560 3079 736 3168 χώρη
785 3075 1052 3168 Κηφηνί
1137 3080 1447 3166 καλεεται
1492 3075 1644 3146 οὐδὲ
1684 3074 1747 3146 οἱ
1779 3076 2138 3167 ἄνθρωποι
2166 3077 2231 3146 οἳ
2259 3079 2588 3147 ἐνοικοῦν-

477 3188 583 3243 τες
611 3171 940 3253 Κηφῆνες,
975 3105 1140 3230 ἄλλα
1171 3165 1549 3230 Χαλδαῖοι5
1567 3171 1641 3245 3),
1688 3170 1844 3230 unde
1873 3177 2029 3249 patet
2056 3171 2256 3251 priore
2284 3170 2433 3232 libro
2462 3186 2587 3230 non

763 3305 878 3313 --—-

613 3368 695 3429 53)
724 3369 820 3420 Pro
845 3371 983 3433 vulg.
1010 3364 1097 3422 ὅτι
1122 3372 1230 3421 cod.
1250 3369 1463 3423 Vratisl.
1491 3363 1651 3420 οὕτω.
1698 3371 1887 3422 Deinde
1913 3387 1979 3422 ex
2004 3374 2175 3422 eodem
2200 3373 2312 3422 dedi
2336 3371 2586 3423 καλέεται

476 3453 565 3501 pro
592 3438 852 3488 καλεῖται.
910 3436 1105 3507 Χογὴν
1129 3440 1327 3490 videtur
1352 3445 1655 3504 corruptum,
1682 3440 1769 3489 sed
1798 3448 1969 3490 cetera
1994 3442 2143 3491 etiam
2170 3442 2368 3490 turbata
2393 3447 2510 3490 sunt
2534 3447 2587 3490 et

476 3506 776 3556 exciderunt
793 3507 1027 3556 nonnulla
1046 3515 1162 3558 ante
1193 3502 1391 3558 οὐκέτι.
1433 3507 1507 3556 De
1528 3522 1583 3556 re
1604 3509 1853 3557 consentit
1872 3508 2055 3559 Herod.
2078 3507 2181 3570 Vll,
2203 3507 2262 3557 61
2290 3506 2583 3561 ἐκαλέοντο

476 3571 539 3624 δὲ
573 3568 749 3624 πάλαι
780 3570 893 3624 ὑπὸ
924 3574 1032 3643 μὲν
1058 3571 1327 3640 Ἑλλήνων
1366 3576 1655 3644 Κηφῆνες,
1696 3569 1809 3625 ὑπὸ
1845 3577 2043 3644 μέντοι
2078 3577 2268 3645 σφέων
2290 3569 2471 3627 αὐτῶν
2494 3575 2587 3626 καὶ

473 3641 584 3692 τῶν
606 3646 908 3711 περιοίκων
935 3639 1192 3715 Ἀρταῖοι.
1228 3642 1351 3694 ἐπεὶ
1375 3640 1439 3694 δὲ
1465 3638 1712 3710 Περσεὺς
1749 3640 1778 3692 ὁ
1806 3640 2030 3708 Δανάης
2060 3659 2119 3694 τε
2154 3644 2244 3694 καὶ
2280 3641 2420 3701 Διὸς
2453 3639 2586 3693 ἀπί-

473 3725 598 3759 κετο
619 3706 774 3779 παρὰ
788 3713 987 3779 Κηφέα
1005 3707 1302 3775 τοῦΒήλου
1323 3712 1416 3761 καὶ
1439 3708 1564 3777 ἔσχε
1583 3706 1750 3761 αὐτοῦ
1768 3710 1868 3775 τὴν
1884 3712 2167 3780 θυγατέρα
2191 3708 2585 3781 Ἀνδρομέδην,

472 3781 690 3845 γίνεται
713 3774 863 3845 αὐτῷ
889 3776 1026 3836 πάϊς
1048 3780 1124 3847 τῷ
1153 3773 1369 3847 οὔνομα
1396 3777 1558 3830 ἔθετο
1584 3780 1812 3843 Πέοσην
1834 3780 1945 3830 κτλ.
1988 3780 2174 3830 Persae
2199 3778 2393 3830 fabulas
2422 3779 2585 3830 Grae-

475 3861 642 3895 corum
667 3848 978 3912 adoptantes»,
1001 3850 1086 3897 sed
1108 3848 1391 3912 antiquitati
1411 3863 1546 3911 suae,
1572 3864 1633 3896 ne
1656 3826 1961 3898 Graecorum
1980 3848 2247 3915 progenies
2269 3849 2580 3912 viderentur,

475 3914 854 3979 prospicienteS,
881 3916 1038 3981 ipsum
1057 3916 1312 3979 Perseum,
1340 3916 1551 3981 priorem
1574 3915 1727 3979 illum,
1753 3915 2018 3983 Assyrium
2038 3914 2196 3966 fuisse
2218 3923 2270 3966 et
2287 3916 2399 3966 inde
2422 3906 2585 3966 G‘rae-

474 3997 582 4031 cum
625 3980 807 4032 factum
850 3998 964 4033 esse
1000 3984 1303 4046 statuebant,
1331 3999 1380 4033 ν.
1410 3983 1599 4033 Herod.
1629 3983 1708 4047 vl,
1735 3984 1824 4048 54,
1858 3987 1990 4035 unde
2025 3986 2172 4034 simul
2204 3986 2341 4050 ipsos
2375 3999 2584 4047 regnum

476 4065 617 4099 suum
641 4050 703 4099 ab
728 4050 955 4117 Assyriis
981 4052 1248 4117 repetiisse
1280 4058 1515 4117 apparet3
1551 4052 1678 4117 quod
1712 4067 1856 4117 quam
1889 4060 2028 4103 recte
2060 4051 2244 4104 factum
2280 4054 2349 4104 sit
2381 4053 2584 4119 copiose

476 4118 710 4185 exposuit
734 4119 954 4171 Blumius
979 4127 1154 4171 noster
1176 4121 1227 4169 in
1253 4119 1506 4172 Herodoto
1534 4126 1587 4169 et
1610 4118 1778 4169 Ctesia
1800 4135 1849 4186 p.
1881 4121 1977 4171 110
2002 4135 2111 4187 sqq.
