2867 4717
501 393 566 443 30
1357 392 1440 443 De
1476 391 1802 443 Hellanico

499 574 644 621 usus
676 576 810 621 esse
840 556 1082 633 videtur,
1122 564 1182 620 et
1209 558 1271 619 in
1302 557 1566 636 singuIiS,
1598 563 1657 620 et
1683 557 1747 619 in
1777 557 1940 619 omni
1978 558 2305 640 argumenti
2339 557 2605 640 descrip-

498 643 687 718 tione3
717 662 863 723 quae
892 661 985 704 res
1016 643 1151 707 licet
1179 644 1369 706 adhuc
1395 641 1626 703 latuerit
1655 660 1883 717 omneS‚
1919 648 2116 705 tamen
2155 643 2295 705 satis
2325 642 2606 724 probabi-

498 728 626 791 liter
656 728 1045 790 demonstrari
1074 735 1291 807 potest.
1345 726 1586 789 Orditur
1613 728 2007 810 Apollodorus
2049 747 2201 810 opus
2231 747 2405 791 suum
2432 729 2605 792 fabu-

497 813 569 876 lis
603 814 1037 893 cosmogonicis
1067 821 1239 893 atque
1265 812 1655 891 theogonicis,
1694 820 1760 876 ut
1788 813 2013 876 solebat
2040 815 2199 876 orbis
2242 832 2415 894 quem
2446 814 2605 876 dice-

497 898 641 961 bant
666 899 990 962 fabularum
1019 897 1089 960 ab
1119 898 1266 978 ipsis
1296 897 1502 958 mundi
1532 897 1871 978 primordiis
1903 899 1975 960 ad
2014 906 2270 961 extrema
2309 899 2458 961 facta
2487 899 2605 961 He·-

497 984 851 1047 raclidarum
882 1002 996 1045 una
1027 984 1466 1044 continuatione
1494 983 1752 1064 perduci.
1800 984 1874 1046 Et
1902 984 2044 1045 dixit
2072 985 2246 1046 etiam
2274 984 2604 1046 Hellanicus

498 1069 570 1131 de
611 1069 932 1147 originibus
971 1086 1168 1130 rerum
1199 1076 1370 1149 atque
1408 1068 1674 1142 deorum,
1707 1069 1812 1130 sed
1842 1076 2072 1130 exstant
2115 1069 2361 1131 nimium
2401 1088 2605 1151 pauca.

496 1153 717 1216 Deinde
744 1173 882 1215 vero
913 1154 1068 1234 apud
1092 1154 1517 1234 Apollodorum
1548 1160 1874 1235 sequuntur
1893 1153 2123 1217 fabulae
2144 1154 2605 1228 Deucalidarum,

496 1235 575 1302 τὸ
619 1240 738 1302 τοῦ
780 1235 1240 1313 Δευκαλίωνος
1284 1233 1483 1321 γένος,
1526 1238 1623 1301 lib.
1662 1239 1706 1300 1.
1758 1258 1884 1320 cap.
1914 1240 2015 1301 v11
2071 1258 2259 1319 usque
2308 1240 2378 1303 ad
2427 1241 2605 1302 finem

496 1324 627 1387 libri
654 1325 849 1405 primi,
880 1324 971 1386 cui
1001 1325 1245 1386 sectioni
1286 1325 1511 1405 optime
1547 1325 1866 1406 respondet
1894 1325 2272 1388 Deucalionea
2308 1322 2606 1396 Hellanici,

497 1410 669 1473 etiam
702 1410 762 1471 in
788 1410 1048 1488 singuliS‚
1078 1409 1250 1471 veluti
1279 1410 1339 1471 in
1371 1410 1489 1471 his:

696 1494 1022 1557 Hellanicus
1066 1495 1127 1555 in
1156 1495 1534 1575 Epimerism.
1579 1492 1754 1556 Hom.
1798 1510 1891 1574 ap.
1938 1492 2193 1556 Cramer.
2239 1492 2456 1556 Anecd.
2506 1493 2606 1555 Gr.

780 1579 906 1641 Vol.
928 1580 976 1641 Ι.
1005 1598 1064 1659 p.
1089 1579 1232 1641 344.
1296 1573 1670 1655 Ἑλλάνικος
1723 1573 1826 1641 δέ·
1880 1574 1994 1641 καὶ
2044 1570 2297 1641 Πελίαν
2347 1571 2607 1660 ὠνόμα-

786 1660 887 1741 ζεν
931 1657 1266 1742 αὖτόν14),
1323 1658 1477 1727 ἐπεὶ
1527 1658 1874 1749 ἐπελιιόθη
1929 1655 2111 1748 αὐτῷ
2150 1655 2193 1749 ἦ
2239 1654 2405 1749 ὄψις
2446 1661 2607 1727 λακε-

782 1742 1086 1812 τισθέντι
1129 1742 1264 1811 ὖπό
1306 1746 1425 1814 τοῦ
1469 1747 1709 1820 ἵππου.

698 1835 1090 1916 Apollodorus
1119 1834 1162 1909 Ι,
1192 1835 1250 1908 9,
1284 1834 1342 1896 8.
1417 1829 1809 1915 ἐκκειμένων
1839 1828 1915 1896 δὲ
1951 1829 2083 1896 τῶν
2110 1835 2390 1920 βρεφῶν,
2436 1851 2607 1917 παρ-

788 1914 1021 1982 ιόντων
1065 1911 1513 2005 ἱπποφορβῶν
1564 1917 1784 1994 ἵππος
1826 1911 1952 1999 μία
1997 1912 2482 2004 προσαψαμένη
2527 1914 2610 2003 τῇ

780 2002 946 2089 χηλῇ
988 1998 1276 2086 θατέρου
1319 2002 1451 2066 τῶν
1491 2001 1752 2091 βρεφῶν
1795 1999 2031 2069 πέλιόν
2071 2025 2140 2066 τι
2183 2001 2298 2067 τοῦ
2335 1998 2609 2085 προσιό-

784 2109 918 2152 που
962 2084 1160 2172 μέρος
1204 2082 1532 2173 ἐποίησεν.
1613 2082 1652 2152 ὅ
1705 2084 1779 2152 δὲ
1832 2082 2264 2175 ἱπποφορβὸς
2319 2080 2608 2171 ἀμφοτέ-

784 2194 936 2256 ρους
977 2170 1130 2248 τοῦς
1173 2171 1424 2249 παῖδας
1469 2166 1854 2255 ἀνελόμενος
1894 2168 2152 2256 ἔθρεψε
2194 2169 2309 2236 καὶ
2351 2169 2465 2236 τὸν
2490 2168 2609 2253 μὲν

785 2253 1210 2321 πελιωθέντα
1244 2252 1496 2321 Πελίαν
1535 2253 1823 2336 ἐκάλεσε,
1866 2255 1981 2322 τὸν
2012 2254 2086 2323 δὲ
2116 2252 2334 2341 ἕτερον
2362 2252 2605 2343 Νηλέα.

671 2343 944 2423 Sequitur
974 2346 1128 2424 apud
1157 2345 1579 2425 Apollodorum
1621 2353 1803 2424 genus
1833 2344 2033 2407 Inachi
2072 2352 2129 2405 et
2170 2344 2494 2417 Phoronei,
2535 2341 2606 2405 ah

499 2428 663 2489 initio
695 2428 825 2490 libri
855 2429 906 2490 ΙΙ
937 2449 1120 2508 usque
1151 2429 1220 2490 ad
1245 2429 1340 2491 lib.
1364 2430 1446 2490 111
1477 2448 1601 2509 cap.
1623 2431 1704 2505 X;
1736 2431 1948 2509 quibus
1972 2430 2292 2510 respondet
2312 2429 2605 2491 Phoronis

417 2538 472 2577 ιο
497 2513 790 2576 Hellanici.
833 2514 1119 2593 Deinceps
1150 2515 1287 2593 quid
1321 2515 1619 2595 complexa
1641 2514 1821 2576 fuerit
1833 2514 2111 2578 Atlantias
2135 2515 2413 2577 Hellanici
2435 2532 2607 2595 aper-

499 2606 624 2661 tum
656 2600 721 2659 fit
760 2619 830 2660 ex
869 2600 1307 2678 comparatione
1348 2599 1691 2679 Apollodori
1729 2599 1829 2661 lib.
1851 2599 1929 2661 111
1960 2619 2086 2679 cap.
2108 2600 2163 2661 X
2192 2607 2248 2662 et
2275 2600 2372 2661 xl.
2429 2600 2606 2662 Deni-

499 2703 611 2764 que
634 2685 788 2764 apud
803 2684 1226 2763 Apollodorum
1252 2684 1460 2746 Troica
1484 2692 1921 2764 proponuntur,
1951 2685 2104 2747 libro
2129 2686 2335 2747 eodem
2361 2701 2484 2765 cap.
2500 2684 2608 2746 XII

500 2776 559 2831 et
585 2770 735 2843 XIII,
766 2771 1089 2849 eodemque
1120 2769 1326 2831 ordine
1356 2769 1718 2831 Hellanicum
1747 2770 1957 2832 Troica
1989 2789 2094 2833 sua
2124 2771 2376 2832 edidisse
2404 2769 2607 2831 verisi-

500 2855 635 2916 mile
666 2863 779 2929 est,
823 2855 1035 2934 quibus
1068 2854 1384 2934 Asopidem
1418 2855 1883 2934 subiungendam
1916 2874 2046 2916 esse
2076 2874 2147 2917 ex
2185 2856 2393 2917 eodem
2423 2853 2608 2936 Apol-

498 2938 706 3001 lodoro
759 2940 907 3000 infra
957 2940 1336 3000 manifestum
1387 2941 1524 3015 erit3
1573 2959 1749 3019 quem
1799 2958 1906 3021 per
1954 2941 2110 3003 hanc
2145 2941 2464 3001 sectionem
2504 2957 2607 3000 ex—

501 3024 811 3104 scripsisse
834 3025 1114 3085 Nostrum
1146 3025 1503 3086 documento
1535 3032 1660 3086 esto
1694 3026 2052 3127 comparatio
2084 3026 2299 3087 horum
2321 3025 2607 3086 locorum.

701 3109 1028 3171 Hellanicus
1059 3128 1151 3189 ap.
1186 3110 1379 3170 Schol.
1408 3110 1473 3171 Il.
1501 3115 1569 3189 μ,
1609 3110 1676 3171 1:
1730 3106 2119 3190 Πατροκλος
2161 3100 2199 3173 ὅ
2241 3102 2610 3172 Μενοιτίου

780 3188 1176 3280 τρεφόμενος
1218 3188 1286 3256 ἐν
1321 3185 1633 3257 Ὀποῦντι
1677 3191 1794 3276 τῆς
1829 3185 2178 3297 Λοκρίδος
2219 3189 2612 3276 περιέπεσεν

786 3270 1078 3361 α’κουσίῳ
1118 3271 1518 3358 πταίσματι·
1563 3276 1782 3340 παῖδα
1811 3274 1932 3362 γὰρ
1974 3273 2333 3363 ηλικιώτην
2361 3270 2612 3362 Ἀμφι-

787 3357 1119 3442 δάμαντος
1163 3356 1279 3426 οὐκ
1324 3355 1581 3447 ἀσήμου
1626 3358 2060 3445 Κλισώνυμον
2115 3368 2255 3443 (var.
2288 3365 2324 3425 l.
2379 3360 2610 3447 Κλησ.)

788 3438 830 3465 ³*
873 3441 961 3523 ὥς
1004 3469 1175 3523 τινες
1218 3439 1412 3510 Αἷάν
1468 3452 1615 3553 §van
1645 3448 1680 3512 l.
1721 3442 2012 3533 Λῖἅνην)
2069 3443 2226 3534 περὶ
2280 3439 2622 3531 οἷστραγά-,

783 3470 914 3594 λων
965 3524 1310 3614 ὀργισθεὶς
1353 3528 1762 3597 ἆπεκτεινεν·
1815 3528 1937 3596 ἐπὶ
1988 3528 2196 3617 τούτῳ
2253 3528 2327 3595 δὲ
2386 3526 2614 3617 φυγών

788 3610 883 3692 εἷς
938 3611 1167 3679 Φθίαν
1230 3610 1541 3702 ἄφίκετο,
1587 3612 1779 3681 κάκεῖ
1828 3614 1998 3680 κατὰ
2049 3614 2419 3698 συγγένειαν
2461 3618 2648 3720 1122--

785 3697 950 3777 λέως
978 3695 1266 3782 Ἀχιλλεῖ
1292 3701 1501 3787 συνῆν.
1542 3696 1772 3789 φιλίαν
1802 3696 2412 3784 δ’ὑπερβάλλουσαν
2441 3719 2616 3785 προς

642 3905 734 4039 14Ιὲ
749 3904 891 3988 pibb.
917 3900 1016 3957 τὸν
1037 3905 1251 3958 Πελίαν
1274 3900 1608 3975 ὠνομάζετο.
1653 3905 1708 3957 In
1734 3902 2022 3975 ὠνόμαζεν
2046 3901 2217 3959 αὐτόν
2240 3905 2414 3973 supple
2449 3899 2480 3954 ὃ
2516 3903 2613 3955 ἱπ-

503 3988 699 4041 ποφορ
736 3990 812 4029 ος.
