2867 4717
369 993 416 1018 ‘⁵
1443 997 1618 1059 vm.

821 1164 929 1244 DE
978 1163 1268 1245 CAUSSA
1319 1161 1646 1244 Nomius
1697 1127 2229 1243 mammon.

473 1435 730 1498 (Discorso
758 1435 841 1483 del
873 1431 1001 1498 prof.
1029 1433 1085 1483 L.
1119 1433 1450 1495 PRELLER,
1479 1434 1605 1485 letto
1639 1431 1757 1483 nell’
1791 1435 2049 1483 adunanza
2083 1430 2200 1483 dell'
2230 1432 2467 1483 Instituta
2500 1448 2584 1482 ar-

473 1503 761 1565 cheologico
781 1501 1032 1551 intitolata
1050 1501 1099 1550 al
1118 1501 1284 1551 natale
1305 1498 1761 1566 diWinckelmann,
1780 1502 1817 1550 li
1835 1502 1865 1550 9
1880 1500 2141 1551 decembre
2165 1500 2311 1550 1843.
2323 1500 2585 1551 -Annali
2666 1538 2675 1544 .

475 1569 591 1620 dell’
612 1569 848 1620 instituto
868 1568 1234 1631 archeolo'gico,
1254 1567 1369 1619 Vol.
1383 1568 1499 1632 XV,
1521 1566 1758 1619 fascicolo
1772 1569 1987 1619 secondo
2004 1568 2192 1633 (1843),
2212 1584 2261 1635 p.
2275 1568 2582 1635 396—406.)

374 1822 453 1862 sss
652 1787 741 1867 De
768 1802 1005 1863 nomine
1035 1801 1399 1881 Caryatidum
1435 1819 1786 1881 quamquam
1811 1801 1977 1862 multi
2005 1802 2462 1881 disputaverunt,
2495 1808 2586 1862 ta—

479 1907 616 1949 men
638 1888 880 1949 minime
903 1888 1046 1948 adeo
1079 1887 1358 1967 explicata
1381 1895 1523 1948 sunt
1554 1887 1769 1959 omnia,
1801 1894 1867 1946 ut
1889 1888 2079 1947 nullus
2106 1887 2175 1947 ad
2202 1886 2587 1947 dubitandum

474 1973 835 2052 relinquatur
862 1973 1046 2034 locus.

647 2058 984 2119 Traduntur
1013 2063 1201 2117 autem
1247 2056 1394 2118 duae
1424 2056 1801 2135 potissimum
1848 2054 1971 2115 eius
2002 2055 2259 2117 nominis
2296 2056 2589 2134 interpre-

478 2142 761 2213 tationeS,
806 2160 1055 2220 quarum
1102 2142 1336 2201 alteram
1369 2141 1584 2202 dixeris
1616 2140 1985 2216 historicam,
2026 2141 2258 2201 alteram
2291 2140 2579 2213 ritualem‚

479 2234 594 2299 aut,
627 2227 676 2288 si
707 2226 906 2298 maviS,
944 2225 1335 2286 aestheticam.

646 2311 803 2372 Illius
828 2317 1032 2372 auctor
1054 2317 1142 2370 est
1162 2309 1456 2371 Vitruvius
1490 2311 1562 2371 de
1584 2308 1801 2370 Archit.
1828 2308 1871 2381 1,
1903 2309 1955 2378 1,
1988 2308 2088 2369 ubi
2110 2309 2381 2386 leguntur
2408 2308 2582 2369 haec:

481 2395 707 2475 „Carya
741 2395 938 2456 civitas
969 2395 1444 2473 Peloponnensis
1478 2413 1609 2456 cum
1643 2394 1838 2455 Persis
1869 2392 2139 2453 hostibus
2168 2389 2370 2453 contra
2401 2393 2583 2454 Grae-

483 2480 627 2541 ciam
661 2480 986 2541 consensit:
1029 2487 1233 2558 postea
1265 2479 1471 2540 Graeci
1511 2498 1617 2559 per
1647 2477 1945 2540 victoriam
1976 2478 2229 2555 gloriose
2258 2477 2407 2538 bello
2438 2477 2584 2538 libe-

481 2564 589 2625 rati
622 2565 921 2625 communi
946 2564 1191 2625 consilio
1220 2562 1557 2645 Caryatibus
1587 2562 1802 2624 bellum
1837 2561 2189 2622 indixerunt.
2248 2562 2448 2641 Itaque
2472 2580 2583 2640 op-

482 2648 620 2728 pido
653 2656 852 2728 capto,
891 2649 1032 2709 viris
1065 2649 1380 2709 interfectis
1399 2695 1412 2721 ,
1458 2647 1681 2708 civitate
1712 2647 1925 2721 deleta,
1955 2653 2255 2707 matronas
2286 2665 2491 2708 eorum
2523 2647 2583 2708 in

377 2808 382 2814 ¹
480 2734 820 2796 servitutem
847 2733 1230 2807 abduxerunt,
1261 2752 1370 2794 nec
1397 2740 1539 2794 sunt
1565 2733 1727 2811 passi
1758 2730 1939 2792 stolas
1963 2749 2153 2810 neque
2184 2740 2424 2793 ornatus
2457 2750 2583 2792 ma·

479 2819 734 2880 tronales
761 2818 1075 2898 deponere,
1103 2818 1187 2878 uti
1211 2837 1334 2880 non
1356 2836 1478 2879 uno
1504 2817 1803 2896 triumpho
1830 2817 2189 2890 ducerentur,
2221 2816 2321 2876 sed
2347 2824 2581 2877 aeterno

481 2904 773 2964 servitutis
816 2903 1079 2982 exemplo
1121 2903 1274 2981 gravi
1315 2903 1663 2964 contumelia
1695 2919 1929 2980 pressae
1958 2920 2179 2980 poenas
2213 2901 2465 2979 pendere
2495 2900 2581 2960 vi-

482 2987 758 3049 derentur
786 3006 896 3066 pro
930 2987 1168 3047 civitate.
1226 2987 1365 3048 Ideo
1397 2988 1494 3066 qui
1525 2996 1669 3049 tunc
1695 2986 1988 3047 architecti
2019 2988 2271 3058 fuerunt,
2305 2985 2582 3047 aedificiis

481 3071 725 3151 publicis
757 3071 1201 3152 designaverunt
1240 3090 1437 3133 earum
1470 3072 1750 3151 imagines
1783 3071 1947 3132 oneri
1983 3071 2224 3133 ferendo
2257 3070 2582 3142 collocatas,

479 3163 545 3217 ut
573 3157 746 3218 etiam
786 3157 1041 3236 posteris
1082 3163 1220 3218 nota
1250 3175 1440 3236 poena
1481 3156 1700 3236 peccati
1732 3155 2059 3236 Caryatium
2103 3155 2419 3217 memoriae
2459 3160 2575 3214 tra-

481 3241 771 3303 deretur.“

645 3327 788 3388 Mira
816 3326 1015 3405 utique
1043 3344 1138 3387 res
1170 3333 1228 3388 et
1257 3344 1401 3406 quae
1428 3333 1657 3387 tantum
1687 3332 1973 3405 repugnat
2007 3324 2279 3386 historiae
2307 3323 2583 3403 vulgatae,

376 3430 452 3473 soz
480 3415 548 3469 ut
575 3417 798 3471 mature
827 3410 1175 3485 exstiterint,
1220 3411 1319 3489 qui
1348 3411 1566 3473 nullam
1604 3410 1654 3471 ei
1697 3411 1869 3470 fidem
1901 3409 2225 3470 hahendam
2255 3427 2383 3469 esse
2414 3409 2583 3470 dicti-

477 3492 656 3553 tarint
676 3494 751 3571 1).
811 3494 1007 3573 Neque
1035 3496 1134 3574 qui
1175 3514 1301 3557 eam
1335 3496 1744 3568 defensarunt,
1785 3493 2188 3574 probabilibus
2222 3494 2582 3571 argumentis

479 3603 682 3611 ——-—-
703 3606 880 3613 .-.„.„.-⁴—-

618 3657 664 3720 1)
701 3657 828 3708 Prae
871 3661 1054 3711 ceteris
1096 3662 1327 3726 Lessing.
1370 3663 1621 3728 antiquar.
1659 3660 1930 3722 Aufsiitze‚
1973 3661 2096 3727 Opp.
2131 3660 2245 3711 Vol.
2270 3660 2346 3724 X,
2389 3676 2437 3727 p.
2465 3660 2585 3712 369.

480 3724 636 3790 Quem
669 3726 847 3776 deinde
880 3729 1037 3777 secuti
1073 3737 1190 3780 sunt
1214 3731 1472 3793 Boettiger
1507 3730 1631 3780 iiber
1665 3730 1744 3779 die
1769 3746 1811 3779 s.
1839 3746 1886 3793 g.
1913 3728 2224 3795 Karyatiden
2256 3744 2335 3778 am
2360 3728 2585 3779 Pandro-

475 3808 613 3843 seum
631 3794 729 3842 und
747 3792 873 3843 iiber
897 3796 990 3844 den
1012 3794 1321 3848 Missbrauch
1348 3799 1515 3848 dieser
1535 3798 1852 3860 Benennung,
1879 3797 2092 3847 Amalth.
2118 3794 2331 3857 v01.111,
2350 3813 2398 3861 p.
2418 3795 2585 3844 137-

481 3861 599 3925 167,
634 3859 866 3911 Meineke
890 3862 952 3912 ad
979 3862 1195 3930 Euphor.
1222 3882 1268 3929 p.
1291 3865 1384 3929 93,
1410 3865 1504 3915 od.
1533 3865 1747 3915 Mueller
1772 3865 2005 3914 Doricus,
2031 3864 2067 3929 Ι,
2096 3880 2142 3929 p.
2170 3864 2285 3926 374,
2311 3862 2369 3924 ΙΙ,
2395 3878 2443 3928 p.
2464 3862 2583 3926 321,

473 3928 576 3977 alii.
604 3924 677 3978 Cf.
701 3929 836 3978 inter
860 3929 1050 3992 Anglos
1075 3931 1331 3981 Blomfleld
1356 3947 1493 3981 some
1519 3933 1747 3983 remarks
1782 3949 1845 3982 on
1871 3935 1955 3982 the
1980 3931 2280 3998 Caryatidas
2307 3928 2363 3979 of
2379 3930 2586 3980 ancient

474 3996 828 4058 architectum,
856 3995 982 4048 Μιιε.
1008 3997 1131 4048 Crit.
1152 3997 1256 4061 VII,
1282 4015 1330 4065 p.
1348 3998 1450 4049 400
1474 4016 1600 4066 sqq„
1627 4007 1680 4050 et
1703 3999 2066 4051 Adnotationes
2089 3999 2153 4049 ad
2173 3999 2370 4065 Antiqq.
2389 3997 2584 4047 Stuarti

479 4068 532 4111 et
554 4061 757 4115 Revetti
777 4063 895 4117 Vol.
919 4064 957 4132 1,
981 4081 1029 4132 p.
1055 4064 1153 4118 488
1179 4081 1286 4132 sqq.
