2867 4717
493 449 559 499 46
1316 454 1398 503 De
1433 451 1764 502 Hellanico

493 608 662 712 γόνῳ
704 611 934 678 δοῦλοι
947 611 1542 721 Λακεδαιμονίων,
1591 608 1737 677 ἀλλ’
1783 635 1846 676 οι
1888 611 2144 696 πρῶτοι
2170 610 2605 718 χειρωθέντες

489 697 621 760 τιῦν
646 692 842 775 Ἐλος
884 697 1006 805 τήν
1028 698 1232 765 πόλιν
1263 696 1631 778 οἰκούντων,
1677 691 1769 774 ὦς
1812 691 2003 762 α’λλοι
2043 719 2118 761 τε
2159 695 2402 763 πολλοὶ
2430 720 2601 798 μαρ-

490 782 794 869 τυροῦσιν
836 782 951 848 καὶ
987 778 1152 849 Ἑλλ.
1198 782 1265 850 ἐν
1304 781 1382 863 α’,
1429 806 1548 883 quo
1576 788 1708 847 loco
1742 786 1793 847 si
1822 784 2118 847 Atthidem
2146 786 2363 864 respici
2395 785 2604 847 existi-

491 890 749 943 memUS,
791 890 1073 934 numerus
1115 881 1428 953 corruptus
1468 872 1594 933 erit.
1673 870 1787 932 Sed
1826 870 2051 932 videtur
2090 871 2364 967 peculiari
2412 871 2601 949 aliqua

492 958 988 1018 commentatione
1020 958 1091 1019 de
1115 960 1325 1038 Sparta
1347 958 1639 1036 rebusque
1664 957 2088 1035 Spartanorum
2114 957 2335 1035 egisse·
2365 974 2481 1036 quo
2510 957 2602 1016 fa-

491 1041 653 1102 ciunt
682 1059 827 1120 quae
853 1043 1124 1121 leguntur
1153 1063 1246 1149 ap.
1279 1043 1413 1105 Sch.
1440 1042 1672 1104 Aristid.
1702 1042 2017 1120 Panath.p
2023 1040 2137 1103 ‚83
2169 1041 2258 1102 ed.
2283 1040 2601 1104 Frommel.

490 1121 606 1187 καὶ
659 1122 780 1207 γαρ
845 1128 1131 1228 Δωριεῖς
1197 1122 1375 1202 ὄντες
1430 1118 1527 1228 (οὶ
1566 1060 2130 1229 Λακεδαιμόνιοι)
2183 1122 2263 1188 τὸ
2312 1121 2605 1187 παλαιὸν

489 1206 1089 1314 Πελοποννήσιοι“
1061 1207 1333 1314 ὕστερον
1374 1206 1699 1309 γεγόνασι,
1747 1232 1837 1286 ως
1871 1205 2245 1285 Ἑλλάνικος
2273 1205 2456 1292 λέγει
2485 1205 2603 1272 καὶ

492 1287 686 1357 ἄλλοι
732 1292 977 1358 πολλοι
1018 1295 1146 1358 τῶν
1185 1289 1554 1382 ἱστορικῶν,
1599 1298 1756 1358 unde
1786 1303 1944 1375 patet
1971 1296 2330 1358 Hellanicum
2353 1297 2601 1357 Dorien-

491 1380 646 1441 sium
687 1382 1065 1459 migrationes
1109 1384 1397 1463 sedesque
1429 1383 1688 1443 diversas
1729 1381 1992 1443 similiter
2035 1389 2207 1460 atque
2243 1381 2381 1442 fecit
2406 1382 2598 1442 Hero-

491 1464 667 1526 dotus
714 1467 1079 1545 explicuisse.
1160 1469 1235 1530 Et
1276 1469 1417 1528 dixit
1461 1468 1636 1528 etiam
1681 1468 1752 1528 de
1801 1465 2095 1546 republica
2147 1466 2595 1544 Spartanorum,

493 1569 667 1628 quam
706 1558 887 1611 totam
931 1554 1240 1614 revocabat
1268 1554 1338 1613 ad
1372 1571 1574 1614 cascos
1605 1552 1739 1612 illos
1768 1551 2134 1625 Heraclidas·‚
2173 1551 2601 1631 Eurysthenem

492 1642 662 1714 atque
694 1636 989 1710 ΡιοοΙειιιι,
1030 1638 1341 1740 castigatus
1383 1645 1695 1740 propterea
1734 1637 1804 1697 ab
1834 1637 2107 1715 Ephoro,
2148 1654 2200 1698 v.
2234 1635 2426 1697 Strab.
2457 1636 2602 1708 VIII,

490 1738 548 1799 p.
583 1720 706 1781 366
729 1712 889 1780 ‘EM
936 1717 1055 1800 μὲν
1101 1711 1215 1784 οὖν
1257 1714 1638 1823 Εὐρυσθένη
1684 1716 1800 1782 καὶ
1854 1714 2162 1823 Προκλέα
2222 1716 2391 1804 φησὶ
2446 1719 2601 1782 δια-

488 1797 690 1879 τάξαι
730 1801 848 1907 τὴν
879 1800 1256 1868 πολιτείαν·
1295 1798 1586 1903 ’Έφορος
1616 1798 1677 1867 δ’
1712 1801 2013 1908 ἐπιτιμᾷ
2041 1798 2275 1909 φησας
2286 1800 2600 1907 Aeaee-Q

492 1907 608 1970 yov
664 1886 784 1969 μὲν
836 1882 1041 1953 αυτοῦ
1091 1889 1400 1994 μηδαμοῦ
1451 1892 1864 1995 μεμνῆσθαι,
1930 1887 2015 1951 τοὶ
2071 1884 2170 1950 δ’
2138 1910 2386 1952 εκεινου
2443 1882 2602 1973 ἔργα

489 1974 630 2048 τοῖς
673 1970 761 2057 μή
807 1970 1259 2059 προσήκουσιν
1304 1968 1727 2053 ανατιθέναι,
1785 1995 1894 2056 qua
1947 1977 2007 2037 in
2058 1994 2123 2035 re
2171 1982 2401 2036 tantum
2452 1975 2604 2035 inter

490 2060 848 2121 recentiores
881 2061 1046 2121 abest
1074 2061 1182 2122 Od.
1213 2062 1522 2123 Muellerus
1551 2062 1688 2122 Dor.
1719 2062 1787 2135 Il,
1816 2081 1874 2141 p.
1910 2063 1979 2121 15
2014 2068 2079 2122 ut
2109 2060 2437 2121 consentiat
2465 2078 2602 2122 cum

489 2145 752 2223 Ephoro,
783 2152 851 2205 ut
880 2146 1266 2223 patrocinium
1298 2146 1576 2207 Hellanici
1615 2146 1957 2225 susceperit.
2024 2145 2159 2207 Mihi
2195 2146 2407 2207 rectius
2447 2146 2599 2206 iudi-

493 2248 655 2291 casse
698 2230 927 2290 videtur
978 2232 1400 2306 DahlmannuS,
1452 2231 1739 2310 pigritiam
1787 2231 2072 2310 quandam
2117 2231 2335 2309 ingenii
2377 2231 2439 2292 in
2485 2230 2603 2291 hoc

467 2315 649 2389 ‚cerni
693 2314 1060 2389 existimans,
1109 2316 1256 2377 ultra
1302 2317 1497 2377 tritam
1546 2316 1820 2377 omnibus
1866 2317 2015 2377 viam
2061 2317 2282 2378 conniti
2335 2316 2598 2377 nondum

491 2400 637 2471 ausi,
668 2407 736 2461 ut
762 2400 826 2461 in
852 2400 1065 2462 fabulis
1097 2401 1475 2480 potissimum
1504 2401 1908 2480 fabulosisque
1938 2400 2305 2480 temporibus
2333 2408 2599 2462 versatus

491 2485 662 2545 etiam
694 2485 950 2546 recentia
977 2506 1049 2546 eo
1081 2487 1251 2547 veluti
1282 2486 1594 2547 removerit
1631 2493 1689 2546 et
1728 2486 1799 2547 ad
1844 2486 2094 2546 similem
2133 2485 2390 2546 indolem
2430 2486 2599 2546 infle-

488 2570 656 2642 xerit,
686 2570 940 2631 fortasse
965 2571 1300 2650 dignitatem
1332 2573 1479 2633 adeo
1513 2570 1809 2650 quandam
1841 2577 2003 2632 ratus
2044 2570 2179 2631 inde
2220 2571 2399 2632 rebus
2429 2571 2600 2632 novi·

490 2654 594 2715 ciis
624 2656 1037 2717 adstruendam
1068 2676 1216 2717 esse.

1192 2808 1241 2858 b.
1276 2807 1560 2859 Aeolica.
1597 2807 1877 2858 Lesbica.

658 2910 1074 2989 Antiquissima
1119 2912 1294 2973 Lesbi
1334 2913 1564 2974 colonia
1601 2913 1981 2990 Pelasgorum
2032 2916 2177 2987 erat,
2228 2910 2325 2990 qui
2377 2910 2601 2973 Macare

491 2994 635 3055 duce
662 3003 975 3075 postquam
1007 3016 1076 3056 ex
1109 2997 1342 3059 Graecia
1377 2998 1439 3058 in
1468 2999 1661 3059 Asiam
1693 2997 2053 3069 traiecerant,
2084 3014 2217 3057 cum
2248 2997 2386 3057 alias
2418 3015 2489 3056 ex
2512 2995 2601 3056 vi-

490 3079 634 3141 cinis
664 3080 1042 3160 Hellesponto
1073 3081 1313 3155 insulaS,
1351 3089 1477 3143 tum
1509 3083 1766 3144 Lesbum
1796 3088 2246 3160 occupaverunt,
2274 3099 2327 3142 v.
2359 3081 2596 3159 Dionys.

488 3164 560 3225 H.
590 3164 656 3224 A.
686 3166 757 3226 R.
790 3165 833 3237 Ι,
882 3165 977 3237 18,
1010 3184 1184 3246 quem
1215 3167 1524 3229 verisimile
1562 3175 1653 3229 est
1681 3168 1744 3228 in
1773 3168 1866 3227 his
1906 3166 2071 3246 sequi
2109 3165 2502 3238 Hellanicum3
2543 3184 2596 3226 v.

491 3268 669 3329 supra
706 3269 763 3329 p.
802 3250 898 3311 16.
955 3251 1041 3311 Ex
1069 3252 1260 3313 Lesbo
1292 3253 1501 3314 deinde
1530 3252 1590 3313 in
1620 3252 1827 3314 Chium
1858 3252 2129 3326 insulam,
2161 3250 2424 3325 Samum,
2455 3249 2599 3323 Con,

487 3334 761 3395 Rhodum
794 3336 1039 3397 colonos
1071 3337 1290 3398 missos
1322 3356 1453 3398 esse
1482 3338 1748 3417 perhibet
1775 3337 1941 3398 Diod.
1974 3337 2036 3398 S.
2069 3336 2131 3409 V,
2161 3335 2272 3409 81,
2301 3353 2420 3415 quo
2444 3335 2599 3396 refe-

409 3442 462 3482 29
488 3420 739 3481 rendum
767 3421 996 3482 videtur
1022 3422 1412 3526 fragmentum
1437 3423 1713 3485 Hellanici
1743 3441 1836 3502 ap.
1863 3421 2059 3483 Schol.
2083 3420 2191 3482 Od.
2215 3422 2291 3494 θ,
2323 3420 2468 3493 294,
2498 3418 2599 3480 uhi

490 3503 698 3565 citatur
736 3498 805 3566 ἐν
845 3502 939 3589 τῷ
981 3503 1140 3590 περὶ
1176 3500 1355 3570 Χίου
1393 3502 1695 3586 κτίσεως,
1743 3507 1815 3568 cf.
1857 3507 1992 3568 Sch.
2032 3505 2300 3585 Apollon.
2341 3506 2401 3577 Ι,
2445 3466 2597 3578 608ς

488 3589 680 3651 Tzetz.
729 3589 1018 3670 Lycophr.
1059 3612 1111 3652 v.
1148 3593 1290 3667 227,
1321 3593 1473 3667 460,
1515 3594 1725 3672 quibus
1764 3592 1909 3653 locis
1946 3597 2216 3653 narratur
2252 3590 2326 3651 de
2374 3589 2599 3652 colonis

486 3674 677 3736 Lesbo
718 3682 857 3753 puta
894 3676 1295 3755 navigantibus
1333 3685 1504 3756 atque
1542 3679 1612 3739 ad
1647 3677 1947 3739 Tenedum
1987 3684 2046 3738 et
2071 3677 2359 3738 Lemnum
2398 3675 2599 3754 appel-

486 3759 760 3835 lentibUS,
799 3760 897 3820 ubi
928 3780 1064 3840 pars
1094 3781 1299 3823 eorum
1332 3763 1626 3825 manebat.
1665 3755 1927 3835 τούτοις
1958 3762 2025 3837 (
2010 3781 2045 3821 ι.
2078 3780 2128 3821 e.
2158 3760 2368 3840 primis
2397 3759 2600 3821 Lemni

490 3845 715 3918 incoliS,
749 3845 847 3924 qui
877 3845 1097 3907 Sinties
1128 3847 1570 3949 appellabantur
1597 3854 1841 3950 propter
1865 3846 2145 3908 fabricam
2175 3864 2475 3907 armorum
2506 3851 2597 3905 at-

489 3950 601 4031 que
649 3891 900 3993 telorum
951 3926 1120 4032 πρὸς
1169 3928 1247 3992 τὸ
1304 3923 1618 3994 σίνεσθαι
1672 3927 1823 4005 τούς
1873 3928 1968 3991 πλ
2011 3923 2179 4007 σίον)
2225 3924 2600 4033 συνῴκισαν

489 4035 759 4089 εαυτους
789 4006 1033 4095 αναμὶξ
1059 4037 1149 4090 ως
1171 4004 1384 4099 ἦλθον
1406 4008 1651 4079 αὐτόθι
1679 4013 1794 4079 καὶ
1823 3952 2179 4079 κατέῖιπον
2198 4012 2352 4090 ναῦς
2380 4009 2597 4090 πέντε,

490 4100 709 4162 scilicet
738 4119 868 4161 cum
899 4101 1264 4182 pergebant
1248 4119 1309 4162 ιιι
1331 4102 1580 4163 insulam
1605 4103 1828 4165 Chium.
1882 4101 1947 4163 Si
1978 4101 2049 4162 de
2078 4100 2272 4162 Rhodi
2302 4101 2474 4163 etiam
2505 4108 2599 4162 at-
