2867 4717
1031 443 1285 498 Lesbio
1319 442 1667 497 historico
2290 444 2358 497 61

229 603 512 673 nomina,
562 618 817 679 quorum
869 607 1210 678 postremus
1262 599 1645 661 Charidemus
1696 600 2022 661 secundum
2073 618 2360 662 canonem

230 687 477 749 Eusebii
519 684 723 745 incidit
761 684 820 744 in
860 703 1078 745 annum
1110 684 1228 744 921
1274 693 1413 764 post
1441 684 1732 746 Abraham
1765 686 1824 746 h.
1856 704 1905 745 e.
1936 685 1994 745 in
2029 702 2246 746 annum
2279 684 2360 747 85

231 780 382 852 post
417 770 659 832 Troiam
711 769 982 829 excisam.
1063 769 1317 830 Narrant
1365 788 1503 829 eum
1554 769 1886 831 deseruisse
1925 787 2145 829 munus
2186 788 2361 830 suum

236 848 360 934 οὐχ
405 846 857 932 ὑπομείναντα
897 849 1015 935 τὴν
1058 847 1386 937 δαπάνηνε
1431 871 1564 914 vera
1593 854 1741 915 ratio
1765 861 1903 926 erat,
1933 855 2089 932 quod
2117 855 2364 933 Sicyone

236 941 312 1002 ab
338 940 568 1017 Argivis
592 938 975 999 Doriensibus
1007 946 1335 1016 expugnata
1366 938 1664 1016 antiquior
1692 938 1785 999 illa
1816 956 2105 999 annorum
2136 938 2365 999 descri-

237 1025 366 1104 ptio
408 1024 608 1085 relicta
646 1031 739 1083 est
777 1041 1007 1101 proque
1045 1042 1109 1082 ea
1141 1023 1487 1102 Argivorum
1519 1024 1612 1084 illa
1641 1023 1905 1096 inducta,
1944 1041 2117 1100 quam
2149 1031 2216 1084 ut
2243 1023 2364 1086 Do-

235 1110 470 1170 rienses
501 1126 623 1168 non
648 1108 844 1167 solum
871 1125 994 1168 non
1018 1107 1412 1185 relinquerent
1435 1108 1536 1167 sed
1561 1108 1886 1186 impensius
1912 1107 2082 1168 etiam
2106 1107 2368 1168 colerent

236 1194 409 1265 fecit,
450 1193 608 1273 quod
639 1192 904 1253 Herculis
941 1191 1138 1253 fabula
1179 1199 1237 1253 et
1264 1192 1698 1253 Heraclidarum
1735 1192 1915 1270 gloria
1956 1210 2088 1252 cum
2119 1192 2364 1253 Iunonis

239 1279 522 1356 religione
563 1277 1043 1337 coniunctissima
1089 1284 1226 1338 erat.
1303 1277 1516 1357 Sicyon
1563 1285 1891 1355 expugnata
1931 1283 2021 1337 est
2061 1296 2092 1337 a
2133 1277 2365 1350 Phalce,

239 1362 488 1423 Temeni
516 1361 656 1433 filio,
687 1362 961 1440 idemque
991 1380 1156 1422 sacra
1187 1363 1453 1435 Iunonis,
1484 1380 1591 1441 per
1618 1381 1792 1440 quam
1823 1361 2031 1421 vicisse
2055 1362 2365 1440 Sicyonios

239 1446 583 1526 putabatur,
621 1463 776 1505 novo
806 1446 1027 1523 templo
1060 1454 1356 1507 exstructo
1388 1446 1839 1520 concelebravit,
1870 1465 1922 1506 v.
1953 1446 2127 1506 PauS.
2158 1446 2230 1517 11,
2269 1448 2364 1518 11,

242 1534 337 1592 2⁷
357 1533 417 1603 ⁹)
480 1530 749 1591 Reditum
781 1530 1216 1591 Heraclidarum
1249 1539 1485 1610 ponunt
1511 1531 1572 1591 in
1601 1549 1799 1592 annno
1832 1530 2195 1609 octogesimo
2228 1538 2369 1609 post

240 1616 454 1677 Troica
487 1616 544 1675 h.
577 1634 626 1675 e.
659 1616 719 1676 in
752 1616 922 1676 tertio
954 1623 1087 1676 ante
1113 1616 1311 1694 fugam
1341 1615 1699 1689 Charidemi‚
1729 1616 2015 1694 postremi
2044 1615 2365 1676 sacerdotis

238 1700 532 1778 Apollinis
563 1700 765 1761 Carnei
787 1702 915 1776 ⁸⁰),
956 1708 1023 1761 ut
1061 1701 1432 1781 apertissime
1461 1708 1655 1779 pateat
1684 1700 2067 1762 mutationem
2097 1700 2250 1760 illam
2283 1702 2369 1762 sic

239 1794 306 1846 ut
337 1785 459 1845 dixi
488 1785 699 1845 factam
734 1803 893 1857 esseg
933 1785 1088 1845 unde
1118 1786 1293 1846 simul
1323 1785 1641 1846 existimari
1671 1793 1894 1864 potest,
1929 1784 2000 1845 ab
2029 1784 2218 1845 reditu
2245 1785 2365 1846 He-

239 1869 595 1930 raclidarum
627 1869 679 1929 si
708 1887 832 1929 non
860 1870 1235 1930 traditionem
1259 1870 1587 1943 litteratam,
1616 1877 1812 1930 tamen
1843 1869 2190 1930 memoriam
2223 1874 2364 1930 satis

239 1962 463 2015 certam
497 1953 649 2031 apud
682 1953 936 2013 Graecos
968 1954 1314 2015 obtinuisse.

414 2038 762 2098 Postremus
787 2056 961 2116 quem
986 2039 1207 2098 scimus
1231 2038 1302 2099 ad
1327 2037 1664 2098 sacerdotes
1681 2038 1921 2114 Argivas
1942 2037 2169 2098 ratione
2192 2037 2369 2098 chro-

241 2123 517 2201 nologica
547 2122 878 2200 respexisse
907 2131 997 2183 est
1028 2122 1304 2184 Timaeus
1328 2122 1579 2195 SiculuS,
1607 2122 1667 2182 in
1696 2129 2036 2201 temporum
2067 2122 2370 2183 notatione

241 2208 337 2267 ille
363 2207 843 2267 accuratissimus
868 2206 1043 2286 inque
1067 2207 1468 2267 monumentis
1492 2207 1850 2284 singularum
1875 2207 2173 2273 civitatum
2199 2225 2370 2267 scru-

239 2289 441 2353 tandis
467 2291 969 2368 diligentissimus.
1016 2292 1268 2370 Scripsit
1291 2310 1445 2369 opus
1469 2291 1540 2351 de
1565 2290 2005 2371 OlympioniciS‚
2031 2310 2146 2368 quo
2165 2291 2368 2369 Epho-

239 2395 345 2437 ros
379 2394 517 2436 cum
548 2394 752 2453 regum
784 2375 1379 2436 Lacedaemoniorum
1420 2376 1570 2435 serie
1600 2383 1657 2436 et
1683 2376 2015 2436 Archontes
2044 2376 2370 2436 Athenien-

242 2480 339 2521 ses
365 2468 540 2539 atque
563 2461 898 2520 sacerdotes
923 2461 1160 2537 Argivas
1187 2480 1319 2522 cum
1346 2459 1769 2538 Olympionicis
1801 2460 2044 2520 contulit
2060 2462 2085 2500 ⁸
2103 2462 2181 2535 ¹),
2214 2459 2372 2539 opti-

242 2564 523 2622 mamque
562 2545 649 2604 sic
685 2544 841 2604 illam
881 2543 1290 2624 olympiadum
1328 2545 1820 2605 numerandarum
1865 2545 2153 2604 rationem
2195 2562 2368 2622 prae·
2395 2560 2448 2600 4⁷

244 2630 499 2706 paravit,
553 2646 728 2705 quam
781 2629 989 2689 deinde
1040 2629 1224 2690 secuti
1278 2637 1420 2689 sunt
1460 2647 1688 2689 omnes,
1760 2628 1890 2689 Hoc
1939 2630 2070 2706 ipso
2117 2629 2372 2688 maxime

244 2714 466 2775 factum
509 2720 655 2791 puto
695 2720 761 2772 ut
800 2732 950 2792 opus
979 2713 1257 2774 Hellanici
1298 2713 1702 2790 antiquaretur
1740 2720 1911 2790 atque
1950 2711 2226 2772 oblivioni
2265 2712 2371 2772 da-

246 2806 439 2870 retur3
477 2815 670 2875 neque
698 2797 760 2856 in
790 2797 938 2875 ipsis
966 2799 1314 2875 Argivorum
1344 2797 1524 2857 rebus
1565 2797 1799 2873 antiqua
1829 2796 1978 2856 ratio
2011 2802 2233 2856 servata
2263 2804 2372 2867 est,

248 2890 568 2962 postquam
595 2882 836 2942 Castore
861 2882 1113 2942 maxime
1137 2889 1374 2942 auctore
1402 2898 1513 2959 pro
1547 2880 1950 2941 sacerdotibus
1982 2879 2203 2940 inducti
2234 2887 2376 2941 sunt

385 3117 471 3178 79)
510 3115 858 3167 Memorantur
886 3120 957 3168 ibi
980 3120 1077 3169 duo
1110 3118 1311 3170 lunonis
1337 3119 1547 3184 templa,
1580 3132 1707 3185 quae
1740 3118 1883 3167 ambo
1907 3118 1969 3167 ab
1996 3118 2200 3180 Argivis
2224 3133 2371 3184 repe·
2444 3147 2448 3151 >

247 3185 503 3246 tebantur,
528 3184 743 3234 alterum
768 3186 830 3234 ab
856 3188 1075 3236 Adrasto
1106 3187 1283 3236 exsule
1312 3188 1377 3246 (c.
1405 3186 1463 3248 6,
1490 3185 1565 3247 3),
1590 3186 1805 3235 alterum
1831 3201 1860 3235 a
1885 3185 2096 3247 Phalce,
2125 3188 2207 3249 qui
2232 3186 2372 3235 dedi-

247 3258 457 3301 caverat
484 3252 579 3300 hoc
599 3253 836 3317 templum
856 3255 952 3318 τῆς
976 3249 1115 3303 ὁδοῦ
1141 3254 1199 3304 οἱ
1221 3254 1315 3317 τῆς
1333 3252 1388 3310 ἔς
1403 3255 1663 3304 Σικυῶνα
1684 3247 1865 3318 ’Ὴραν
1883 3247 2139 3320 φάμενος
2161 3247 2374 3320 ὁδηγὸν

249 3316 504 3369 ἔσεσθαι.
553 3318 626 3367 De
651 3319 832 3369 Phalce
857 3338 906 3371 v.
932 3321 1150 3371 Mueller
1173 3322 1405 3384 Aeginet.
1433 3337 1482 3386 p.
1501 3322 1583 3381 40,
1610 3320 1730 3369 Dor.
1757 3319 1791 3380 l,
1818 3336 1865 3385 p.
1887 3320 1968 3369 79.

384 3385 472 3448 80)
511 3385 692 3435 Castor
714 3388 776 3436 ab
800 3387 1091 3439 Charidemo
1126 3391 1184 3439 ad
1211 3390 1415 3454 primam
1443 3388 1787 3455 Olympiadem
1813 3395 2041 3437 numerat
2072 3403 2228 3438 annos
2253 3387 2370 3449 352,

246 3469 344 3518 qua
377 3453 430 3502 in
465 3468 522 3501 re
557 3454 704 3502 aliam
738 3456 986 3505 rationem
1019 3457 1248 3522 sequitur
1279 3464 1430 3522 atque
1466 3471 1622 3506 canon
1655 3455 1885 3515 Eusebii,
1921 3457 2003 3521 qui
2028 3454 2372 3506 Charidemum

250 3521 389 3586 ponit
414 3535 462 3569 a.
491 3519 591 3569 318
616 3528 732 3570 ante
759 3521 838 3571 01.
866 3522 888 3573 Ι
911 3522 1119 3587 fugisse,
1145 3540 1193 3573 v.
1221 3524 1451 3585 Scaliger
1472 3524 1718 3573 animadv.
1744 3524 1804 3573 ad
1833 3523 2014 3573 Euseb.
2042 3539 2089 3588 p.
2115 3523 2179 3572 55
2204 3539 2251 3573 a.

385 3587 472 3645 81)
515 3587 688 3654 Polyb.
708 3588 948 3672 Excerpt.
970 3608 1015 3657 p.
1044 3591 1169 3641 1395
1192 3593 1267 3641 ed.
1290 3591 1514 3641 Gronov.
1537 3586 1694 3658 ὁγὰρ
1714 3585 1811 3646 τὰς
1836 3603 1905 3640 συ
1942 3593 2150 3656 κρίσεις
2173 3587 2373 3641 ποιού-

247 3669 421 3721 μενος
442 3650 723 3706 ἀνέκαθεν
751 3658 861 3708 τῶν
886 3655 1136 3726 Εφόρων
1159 3656 1304 3725 πρὸς
1326 3657 1457 3715 τοὺς
1477 3658 1724 3722 βασιλεῖς
1745 3654 1886 3713 τοὺς.
1926 3674 1956 3707 ν
1977 3655 2375 3725 Λακεδαίμονι

250 3722 341 3800 καὶ
364 3717 496 3778 τοὺς
521 3718 799 3790 ἄρχοντας
821 3724 949 3781 τοὺς
976 3722 1242 3795 Ἀθήνῃσι
1273 3727 1366 3776 καὶ
1397 3723 1498 3781 τὰς
1531 3727 1734 3791 ἱερείας
1763 3721 1859 3781 τὰς
1890 3723 1952 3776 ἐν
1978 3721 2157 3806 ’Ἀργει
2190 3742 2372 3794 παρα-

249 3790 471 3853 βαλλων
502 3787 650 3858 πρὸς
681 3788 811 3848 τοὺς
838 3787 1272 3858 Ὀλυμπιονίκας
1302 3795 1393 3844 καὶ
1426 3789 1527 3849 τὰς
1560 3791 1837 3862 ἁμαρτίας
1864 3794 1974 3843 τῶν
2000 3794 2220 3842 πολεων
2244 3793 2375 3860 περὶ

251 3851 350 3912 τὰς
374 3852 714 3940 ἀναζραφὰς
736 3857 836 3916 τὰς
858 3858 1070 3911 τούτων
1094 3859 1200 3919 ἐξελ
1212 3863 1392 3943 έγχων
1416 3858 1572 3928 παρὰ
1598 3864 1871 3930 τρίμηνον
1902 3855 2140 3927 ἐχούσας
2164 3855 2227 3908 τὸ
2253 3856 2376 3909 δια-

250 3924 433 3991 φέρον
457 3921 623 3981 ουτός
647 3924 784 3992 ἐστι,
821 3930 914 3978 καὶ
937 3926 1049 3992 μὴν
1074 3924 1103 3978 ὁ
1132 3924 1230 3984 τὰς
1253 3925 1689 3993 οπισθοὸόμους
1707 3924 1907 3991 στήλας
1936 3929 2027 3977 καὶ
2051 3924 2151 3983 τὰς
2172 3924 2234 3977 ἐν
2257 3930 2377 3984 ταῖς

301 3993 446 4048 λιαῖς
477 3995 592 4045 τῶν
622 3996 766 4047 νεῶν
797 3997 1098 4064 προξενίας
1132 3992 1425 4063 ἐξευρηκὼς
1463 3992 1706 4060 Τίμαιός
1735 3994 1903 4047 ἐστιν.
1969 3993 2045 4044 Cf.
2081 3994 2292 4046 Goeller
2322 3997 2372 4046 in

298 4060 457 4110 imaeo
483 4078 530 4127 p.
553 4062 651 4112 196
675 4079 782 4129 sqq.
810 4072 863 4115 et
887 4065 1089 4115 Polemo
1115 4071 1290 4115 noster
1311 4079 1359 4129 p.
1381 4063 1472 4124 703
1502 4063 1616 4113 187.
