<?xml version="1.0" encoding="UTF-8"?>
<!DOCTYPE html PUBLIC "-//W3C//DTD XHTML 1.0 Transitional//EN"
    "http://www.w3.org/TR/xhtml1/DTD/xhtml1-transitional.dtd">
<html xmlns="http://www.w3.org/1999/xhtml" xml:lang="en" lang="en">
 <head>
  <title>
</title>
<meta http-equiv="Content-Type" content="text/html;charset=utf-8" />
  <meta name='ocr-system' content='tesseract 3.04.00' />
  <meta name='ocr-capabilities' content='ocr_page ocr_carea ocr_par ocr_line ocrx_word'/>
</head>
<body>
  <div class='ocr_page' id='page_1' title='image "./ausgewhlteaufst01khgoog_0127.png"; bbox 0 0 2867 4717; ppageno 0'>
   <div class='ocr_carea' id='block_1_1' title="bbox 529 403 1902 471">
    <p class='ocr_par' dir='ltr' id='par_1_1' title="bbox 529 403 1902 471">
     <span class='ocr_line' id='line_1_1' title="bbox 529 403 1902 471; baseline 0 -14"><span class='ocrx_word' id='word_1_1' title='bbox 529 405 635 457; x_wconf 88' lang='lat'>114</span> <span class='ocrx_word' id='word_1_2' title='bbox 1274 406 1367 457; x_wconf 88' lang='lat' dir='ltr'>De</span> <span class='ocrx_word' id='word_1_3' title='bbox 1413 403 1587 458; x_wconf 87' lang='lat' dir='ltr'>locis</span> <span class='ocrx_word' id='word_1_4' title='bbox 1637 403 1902 471; x_wconf 86' lang='lat' dir='ltr'>aliquot</span> 
     </span>
    </p>
   </div>
   <div class='ocr_carea' id='block_1_2' title="bbox 501 553 2647 4028">
    <p class='ocr_par' dir='ltr' id='par_1_2' title="bbox 523 553 2647 834">
     <span class='ocr_line' id='line_1_2' title="bbox 693 553 2647 663; baseline 0.002 -42"><span class='ocrx_word' id='word_1_5' title='bbox 693 561 737 634; x_wconf 89' lang='grc' dir='ltr'>Ι,</span> <span class='ocrx_word' id='word_1_6' title='bbox 762 560 819 633; x_wconf 82' lang='grc'>2,</span> <span class='ocrx_word' id='word_1_7' title='bbox 843 562 881 620; x_wconf 92' lang='grc'>4</span> <span class='ocrx_word' id='word_1_8' title='bbox 903 561 1273 622; x_wconf 87' lang='lat' dir='ltr'>retinendum</span> <span class='ocrx_word' id='word_1_9' title='bbox 1303 568 1447 663; x_wconf 89' lang='lat' dir='ltr'>puto</span> <span class='ocrx_word' id='word_1_10' title='bbox 1480 561 1644 661; x_wconf 91' lang='lat' dir='ltr'>quod</span> <span class='ocrx_word' id='word_1_11' title='bbox 1662 579 1731 620; x_wconf 86' lang='lat' dir='ltr'>ex</span> <span class='ocrx_word' id='word_1_12' title='bbox 1761 560 1929 621; x_wconf 85' lang='lat' dir='ltr'><strong>codd.</strong></span> <span class='ocrx_word' id='word_1_13' title='bbox 1954 560 2114 623; x_wconf 84' lang='lat' dir='ltr'>dedit</span> <span class='ocrx_word' id='word_1_14' title='bbox 2134 553 2480 624; x_wconf 89' lang='lat' dir='ltr'>Bekkerus</span> <span class='ocrx_word' id='word_1_15' title='bbox 2456 553 2647 637; x_wconf 89' lang='grc' dir='ltr'><strong><em>όσοις</em></strong></span> 
     </span>
     <span class='ocr_line' id='line_1_3' title="bbox 523 630 2644 749; baseline 0.001 -43"><span class='ocrx_word' id='word_1_16' title='bbox 523 665 594 706; x_wconf 90' lang='grc' dir='ltr'>τι</span> <span class='ocrx_word' id='word_1_17' title='bbox 637 636 975 749; x_wconf 74' lang='grc' dir='ltr'><strong><em>ὖπῇρχεν</em></strong></span> <span class='ocrx_word' id='word_1_18' title='bbox 967 667 1057 706; x_wconf 90' lang='grc' dir='ltr'><strong><em>ων</em></strong></span> <span class='ocrx_word' id='word_1_19' title='bbox 1098 665 1203 719; x_wconf 87' lang='grc' dir='ltr'>τις</span> <span class='ocrx_word' id='word_1_20' title='bbox 1236 640 1438 748; x_wconf 99' lang='grc' dir='ltr'><strong><em>λόγος</em></strong></span> <span class='ocrx_word' id='word_1_21' title='bbox 1466 638 1537 718; x_wconf 77' lang='grc' dir='ltr'>ἐς</span> <span class='ocrx_word' id='word_1_22' title='bbox 1565 638 1783 719; x_wconf 82' lang='grc' dir='ltr'><strong><em>δόξαν.</em></strong></span> <span class='ocrx_word' id='word_1_23' title='bbox 1851 645 2020 747; x_wconf 87' lang='lat' dir='ltr'>SicI,</span> <span class='ocrx_word' id='word_1_24' title='bbox 2052 646 2109 716; x_wconf 91' lang='grc'>9,</span> <span class='ocrx_word' id='word_1_25' title='bbox 2139 630 2177 705; x_wconf 98' lang='grc'>4</span> <span class='ocrx_word' id='word_1_26' title='bbox 2207 640 2471 720; x_wconf 84' lang='grc' dir='ltr'><strong><em>τούτοις</em></strong></span> <span class='ocrx_word' id='word_1_27' title='bbox 2494 640 2644 726; x_wconf 84' lang='grc' dir='ltr'><em>μεί-</em></span> 
     </span>
     <span class='ocr_line' id='line_1_4' title="bbox 528 717 2317 834; baseline 0.001 -43"><span class='ocrx_word' id='word_1_28' title='bbox 528 725 683 805; x_wconf 86' lang='grc' dir='ltr'><strong><em>ζονα</em></strong></span> <span class='ocrx_word' id='word_1_29' title='bbox 723 726 975 812; x_wconf 90' lang='grc' dir='ltr'><strong><em>υπηρχέ</em></strong></span> <span class='ocrx_word' id='word_1_30' title='bbox 1019 748 1166 802; x_wconf 85' lang='grc' dir='ltr'>πως</span> <span class='ocrx_word' id='word_1_31' title='bbox 1206 750 1244 812; x_wconf 91' lang='grc' dir='ltr'><strong><em>η</em></strong></span> <span class='ocrx_word' id='word_1_32' title='bbox 1295 722 1497 790; x_wconf 87' lang='grc' dir='ltr'><strong><em>α’λλου</em></strong></span> <span class='ocrx_word' id='word_1_33' title='bbox 1544 723 1840 834; x_wconf 83' lang='grc' dir='ltr'><strong><em>πάρεργα</em></strong></span> <span class='ocrx_word' id='word_1_34' title='bbox 1886 717 2057 790; x_wconf 80' lang='grc' dir='ltr'><strong><em>εἶναι</em></strong></span> <span class='ocrx_word' id='word_1_35' title='bbox 2098 723 2317 809; x_wconf 90' lang='grc' dir='ltr'><strong><em>λόγου.</em></strong></span> 
     </span>
    </p>

    <p class='ocr_par' dir='ltr' id='par_1_3' title="bbox 502 806 2644 1552">
     <span class='ocr_line' id='line_1_5' title="bbox 693 806 2644 897; baseline 0.001 -22"><span class='ocrx_word' id='word_1_36' title='bbox 693 814 737 887; x_wconf 93' lang='lat' dir='ltr'>l,</span> <span class='ocrx_word' id='word_1_37' title='bbox 769 813 825 887; x_wconf 85' lang='lat'>8,</span> <span class='ocrx_word' id='word_1_38' title='bbox 857 815 893 874; x_wconf 88' lang='lat'><strong>3</strong></span> <span class='ocrx_word' id='word_1_39' title='bbox 937 806 1180 897; x_wconf 74' lang='grc' dir='ltr'><strong><em>Εἰρήνη</em></strong></span> <span class='ocrx_word' id='word_1_40' title='bbox 1227 807 1520 897; x_wconf 83' lang='grc' dir='ltr'><strong><em>φέρουσα</em></strong></span> <span class='ocrx_word' id='word_1_41' title='bbox 1563 811 1921 875; x_wconf 88' lang='grc' dir='ltr'><strong><em>Πλουτωνα</em></strong></span> <span class='ocrx_word' id='word_1_42' title='bbox 1966 812 2209 889; x_wconf 78' lang='grc' dir='ltr'><strong><em>παῖδα,</em></strong></span> <span class='ocrx_word' id='word_1_43' title='bbox 2267 814 2409 877; x_wconf 87' lang='lat' dir='ltr'>satis</span> <span class='ocrx_word' id='word_1_44' title='bbox 2450 817 2644 877; x_wconf 87' lang='lat' dir='ltr'>mani-</span> 
     </span>
     <span class='ocr_line' id='line_1_6' title="bbox 522 895 2644 978; baseline 0.001 -19"><span class='ocrx_word' id='word_1_45' title='bbox 522 900 740 960; x_wconf 82' lang='lat' dir='ltr'>festum</span> <span class='ocrx_word' id='word_1_46' title='bbox 771 917 840 958; x_wconf 88' lang='lat' dir='ltr'>ex</span> <span class='ocrx_word' id='word_1_47' title='bbox 869 898 967 969; x_wconf 92' lang='lat' dir='ltr'>IX,</span> <span class='ocrx_word' id='word_1_48' title='bbox 1007 900 1103 971; x_wconf 88' lang='grc'>16,</span> <span class='ocrx_word' id='word_1_49' title='bbox 1136 899 1174 958; x_wconf 83' lang='lat'><strong>2</strong></span> <span class='ocrx_word' id='word_1_50' title='bbox 1207 898 1617 978; x_wconf 88' lang='lat' dir='ltr'>corrigendum</span> <span class='ocrx_word' id='word_1_51' title='bbox 1641 917 1773 960; x_wconf 91' lang='lat' dir='ltr'>esse</span> <span class='ocrx_word' id='word_1_52' title='bbox 1793 895 2109 960; x_wconf 80' lang='grc' dir='ltr'><strong><em>Πλοῦτον.</em></strong></span> <span class='ocrx_word' id='word_1_53' title='bbox 2174 900 2319 961; x_wconf 90' lang='lat' dir='ltr'>Nam</span> <span class='ocrx_word' id='word_1_54' title='bbox 2343 900 2475 961; x_wconf 87' lang='lat' dir='ltr'>licet</span> <span class='ocrx_word' id='word_1_55' title='bbox 2498 901 2644 961; x_wconf 88' lang='lat' dir='ltr'>sub-</span> 
     </span>
     <span class='ocr_line' id='line_1_7' title="bbox 523 983 2639 1062; baseline 0.001 -18"><span class='ocrx_word' id='word_1_56' title='bbox 523 984 659 1044; x_wconf 91' lang='lat' dir='ltr'>inde</span> <span class='ocrx_word' id='word_1_57' title='bbox 704 984 1138 1044; x_wconf 90' lang='lat' dir='ltr'>confundantur</span> <span class='ocrx_word' id='word_1_58' title='bbox 1179 983 1349 1044; x_wconf 89' lang='lat' dir='ltr'>Pluto</span> <span class='ocrx_word' id='word_1_59' title='bbox 1397 991 1455 1044; x_wconf 90' lang='lat' dir='ltr'>et</span> <span class='ocrx_word' id='word_1_60' title='bbox 1498 984 1704 1045; x_wconf 85' lang='lat' dir='ltr'><strong>Plutus</strong></span> <span class='ocrx_word' id='word_1_61' title='bbox 1744 987 1831 1060; x_wconf 90' lang='lat' dir='ltr'>(v.</span> <span class='ocrx_word' id='word_1_62' title='bbox 1876 1002 2024 1062; x_wconf 88' lang='lat' dir='ltr'>quos</span> <span class='ocrx_word' id='word_1_63' title='bbox 2071 985 2208 1045; x_wconf 88' lang='lat' dir='ltr'>citat</span> <span class='ocrx_word' id='word_1_64' title='bbox 2249 985 2639 1061; x_wconf 90' lang='lat' dir='ltr'>Siebelisius),</span> 
     </span>
     <span class='ocr_line' id='line_1_8' title="bbox 523 1068 2641 1147; baseline 0 -18"><span class='ocrx_word' id='word_1_65' title='bbox 523 1076 721 1129; x_wconf 84' lang='lat' dir='ltr'>tamen</span> <span class='ocrx_word' id='word_1_66' title='bbox 751 1085 874 1128; x_wconf 92' lang='lat' dir='ltr'>non</span> <span class='ocrx_word' id='word_1_67' title='bbox 905 1068 1346 1129; x_wconf 87' lang='lat' dir='ltr'>confunduntur</span> <span class='ocrx_word' id='word_1_68' title='bbox 1374 1069 1489 1128; x_wconf 88' lang='lat' dir='ltr'>nisi</span> <span class='ocrx_word' id='word_1_69' title='bbox 1526 1069 1769 1129; x_wconf 89' lang='lat' dir='ltr'>notione</span> <span class='ocrx_word' id='word_1_70' title='bbox 1798 1076 1856 1129; x_wconf 89' lang='lat' dir='ltr'>et</span> <span class='ocrx_word' id='word_1_71' title='bbox 1884 1069 2231 1147; x_wconf 81' lang='lat' dir='ltr'>cogitatione</span> <span class='ocrx_word' id='word_1_72' title='bbox 2258 1088 2369 1130; x_wconf 92' lang='lat' dir='ltr'>nec</span> <span class='ocrx_word' id='word_1_73' title='bbox 2398 1069 2523 1130; x_wconf 90' lang='lat' dir='ltr'>sine</span> <span class='ocrx_word' id='word_1_74' title='bbox 2553 1070 2641 1130; x_wconf 91' lang='lat' dir='ltr'>al-</span> 
     </span>
     <span class='ocr_line' id='line_1_9' title="bbox 520 1152 2642 1233; baseline 0 -20"><span class='ocrx_word' id='word_1_75' title='bbox 520 1152 691 1213; x_wconf 89' lang='lat' dir='ltr'>tioris</span> <span class='ocrx_word' id='word_1_76' title='bbox 733 1152 1034 1213; x_wconf 90' lang='lat' dir='ltr'>cuiusdam</span> <span class='ocrx_word' id='word_1_77' title='bbox 1081 1171 1292 1214; x_wconf 89' lang='lat' dir='ltr'>sensus</span> <span class='ocrx_word' id='word_1_78' title='bbox 1325 1153 1749 1232; x_wconf 88' lang='lat' dir='ltr'>significatione</span> <span class='ocrx_word' id='word_1_79' title='bbox 1780 1154 2087 1232; x_wconf 80' lang='lat' dir='ltr'>specieque</span> <span class='ocrx_word' id='word_1_80' title='bbox 2117 1154 2446 1233; x_wconf 87' lang='lat' dir='ltr'>allegorica,</span> <span class='ocrx_word' id='word_1_81' title='bbox 2492 1173 2642 1233; x_wconf 89' lang='lat' dir='ltr'>quae</span> 
     </span>
     <span class='ocr_line' id='line_1_10' title="bbox 521 1237 2639 1316; baseline 0 -19"><span class='ocrx_word' id='word_1_82' title='bbox 521 1238 583 1297; x_wconf 90' lang='lat' dir='ltr'>in</span> <span class='ocrx_word' id='word_1_83' title='bbox 612 1238 771 1298; x_wconf 90' lang='lat' dir='ltr'>hunc</span> <span class='ocrx_word' id='word_1_84' title='bbox 799 1237 992 1298; x_wconf 90' lang='lat' dir='ltr'>locum</span> <span class='ocrx_word' id='word_1_85' title='bbox 1024 1256 1273 1315; x_wconf 89' lang='lat' dir='ltr'>prorsus</span> <span class='ocrx_word' id='word_1_86' title='bbox 1304 1255 1428 1298; x_wconf 89' lang='lat' dir='ltr'>non</span> <span class='ocrx_word' id='word_1_87' title='bbox 1460 1238 1748 1298; x_wconf 84' lang='lat' dir='ltr'>convenit.</span> <span class='ocrx_word' id='word_1_88' title='bbox 1806 1239 2013 1298; x_wconf 89' lang='lat' dir='ltr'>Sermo</span> <span class='ocrx_word' id='word_1_89' title='bbox 2045 1246 2136 1299; x_wconf 89' lang='lat' dir='ltr'>est</span> <span class='ocrx_word' id='word_1_90' title='bbox 2165 1239 2237 1299; x_wconf 91' lang='lat' dir='ltr'>de</span> <span class='ocrx_word' id='word_1_91' title='bbox 2267 1238 2435 1316; x_wconf 87' lang='lat' dir='ltr'>signo</span> <span class='ocrx_word' id='word_1_92' title='bbox 2466 1239 2639 1311; x_wconf 89' lang='lat' dir='ltr'>Pluti,</span> 
     </span>
     <span class='ocr_line' id='line_1_11' title="bbox 521 1322 2639 1402; baseline 0.001 -20"><span class='ocrx_word' id='word_1_93' title='bbox 521 1323 679 1401; x_wconf 91' lang='lat' dir='ltr'>quod</span> <span class='ocrx_word' id='word_1_94' title='bbox 709 1328 932 1382; x_wconf 89' lang='lat' dir='ltr'>tantum</span> <span class='ocrx_word' id='word_1_95' title='bbox 965 1322 1337 1401; x_wconf 80' lang='lat' dir='ltr'>discrepabat</span> <span class='ocrx_word' id='word_1_96' title='bbox 1366 1342 1397 1383; x_wconf 89' lang='lat' dir='ltr'>a</span> <span class='ocrx_word' id='word_1_97' title='bbox 1430 1322 1595 1400; x_wconf 90' lang='lat' dir='ltr'>signo</span> <span class='ocrx_word' id='word_1_98' title='bbox 1628 1322 1915 1394; x_wconf 87' lang='lat' dir='ltr'>Plutonis,</span> <span class='ocrx_word' id='word_1_99' title='bbox 1956 1323 2172 1402; x_wconf 88' lang='lat' dir='ltr'>quippe</span> <span class='ocrx_word' id='word_1_100' title='bbox 2202 1324 2403 1400; x_wconf 86' lang='lat' dir='ltr'>figura,</span> <span class='ocrx_word' id='word_1_101' title='bbox 2433 1329 2639 1396; x_wconf 88' lang='lat' dir='ltr'>aetate,</span> 
     </span>
     <span class='ocr_line' id='line_1_12' title="bbox 502 1406 2641 1507; baseline 0.001 -40"><span class='ocrx_word' id='word_1_102' title='bbox 502 1406 812 1467; x_wconf 71' lang='lat' dir='ltr'>¹attributis</span> <span class='ocrx_word' id='word_1_103' title='bbox 845 1407 1337 1507; x_wconf 85' lang='lat' dir='ltr'>diversissimum,</span> <span class='ocrx_word' id='word_1_104' title='bbox 1372 1413 1437 1467; x_wconf 88' lang='lat' dir='ltr'>ut</span> <span class='ocrx_word' id='word_1_105' title='bbox 1466 1406 1755 1467; x_wconf 91' lang='lat' dir='ltr'>absonum</span> <span class='ocrx_word' id='word_1_106' title='bbox 1785 1407 2022 1481; x_wconf 88' lang='lat' dir='ltr'>fuisset,</span> <span class='ocrx_word' id='word_1_107' title='bbox 2053 1409 2102 1467; x_wconf 91' lang='lat' dir='ltr'>si</span> <span class='ocrx_word' id='word_1_108' title='bbox 2133 1409 2377 1469; x_wconf 85' lang='lat' dir='ltr'>alterum</span> <span class='ocrx_word' id='word_1_109' title='bbox 2408 1426 2518 1486; x_wconf 90' lang='lat' dir='ltr'>pro</span> <span class='ocrx_word' id='word_1_110' title='bbox 2550 1409 2641 1469; x_wconf 88' lang='lat' dir='ltr'>al-</span> 
     </span>
     <span class='ocr_line' id='line_1_13' title="bbox 517 1492 1063 1552; baseline 0 -1"><span class='ocrx_word' id='word_1_111' title='bbox 517 1498 644 1551; x_wconf 87' lang='lat' dir='ltr'>tero</span> <span class='ocrx_word' id='word_1_112' title='bbox 677 1492 1063 1552; x_wconf 86' lang='lat' dir='ltr'>nominasset.</span> 
     </span>
    </p>

    <p class='ocr_par' dir='ltr' id='par_1_4' title="bbox 518 1574 2639 1997">
     <span class='ocr_line' id='line_1_14' title="bbox 687 1574 2639 1656; baseline 0.001 -21"><span class='ocrx_word' id='word_1_113' title='bbox 687 1574 733 1649; x_wconf 94' lang='lat' dir='ltr'>l,</span> <span class='ocrx_word' id='word_1_114' title='bbox 772 1576 863 1649; x_wconf 85' lang='lat'>13,</span> <span class='ocrx_word' id='word_1_115' title='bbox 896 1577 933 1635; x_wconf 91' lang='grc'><strong>7</strong></span> <span class='ocrx_word' id='word_1_116' title='bbox 965 1577 1172 1636; x_wconf 86' lang='lat' dir='ltr'>miram</span> <span class='ocrx_word' id='word_1_117' title='bbox 1207 1594 1475 1646; x_wconf 89' lang='lat' dir='ltr'>causam,</span> <span class='ocrx_word' id='word_1_118' title='bbox 1519 1594 1623 1636; x_wconf 91' lang='lat' dir='ltr'>cur</span> <span class='ocrx_word' id='word_1_119' title='bbox 1652 1577 1824 1637; x_wconf 88' lang='lat' dir='ltr'>Ceres</span> <span class='ocrx_word' id='word_1_120' title='bbox 1856 1578 2193 1637; x_wconf 88' lang='lat' dir='ltr'>vulnerasse</span> <span class='ocrx_word' id='word_1_121' title='bbox 2223 1578 2511 1656; x_wconf 77' lang='lat' dir='ltr'>Pyrrhum</span> <span class='ocrx_word' id='word_1_122' title='bbox 2541 1595 2639 1637; x_wconf 91' lang='lat' dir='ltr'>re-</span> 
     </span>
     <span class='ocr_line' id='line_1_15' title="bbox 519 1623 2637 1739; baseline 0.001 -19"><span class='ocrx_word' id='word_1_123' title='bbox 519 1679 647 1739; x_wconf 91' lang='lat' dir='ltr'>gem</span> <span class='ocrx_word' id='word_1_124' title='bbox 680 1623 881 1738; x_wconf 70' lang='lat' dir='ltr'>phtata</span> <span class='ocrx_word' id='word_1_125' title='bbox 911 1660 1005 1732; x_wconf 87' lang='lat' dir='ltr'>sit,</span> <span class='ocrx_word' id='word_1_126' title='bbox 1039 1661 1358 1721; x_wconf 90' lang='lat' dir='ltr'>commenti</span> <span class='ocrx_word' id='word_1_127' title='bbox 1388 1669 1528 1722; x_wconf 90' lang='lat' dir='ltr'>sunt</span> <span class='ocrx_word' id='word_1_128' title='bbox 1557 1662 1927 1739; x_wconf 87' lang='lat' dir='ltr'>Stackelberg</span> <span class='ocrx_word' id='word_1_129' title='bbox 1956 1661 2212 1722; x_wconf 85' lang='lat' dir='ltr'>Graeher</span> <span class='ocrx_word' id='word_1_130' title='bbox 2242 1663 2296 1722; x_wconf 92' lang='lat' dir='ltr'>d.</span> <span class='ocrx_word' id='word_1_131' title='bbox 2331 1661 2557 1722; x_wconf 87' lang='lat' dir='ltr'>Griech.</span> <span class='ocrx_word' id='word_1_132' title='bbox 2588 1661 2637 1734; x_wconf 91' lang='lat' dir='ltr'>I,</span> 
     </span>
     <span class='ocr_line' id='line_1_16' title="bbox 520 1745 2638 1824; baseline 0 -19"><span class='ocrx_word' id='word_1_133' title='bbox 520 1765 578 1824; x_wconf 91' lang='lat' dir='ltr'>p.</span> <span class='ocrx_word' id='word_1_134' title='bbox 613 1746 688 1805; x_wconf 91' lang='grc'>41</span> <span class='ocrx_word' id='word_1_135' title='bbox 724 1752 783 1805; x_wconf 89' lang='lat' dir='ltr'>et</span> <span class='ocrx_word' id='word_1_136' title='bbox 813 1746 1078 1806; x_wconf 90' lang='lat' dir='ltr'>Welcker</span> <span class='ocrx_word' id='word_1_137' title='bbox 1109 1746 1218 1806; x_wconf 87' lang='lat' dir='ltr'>Rh.</span> <span class='ocrx_word' id='word_1_138' title='bbox 1246 1746 1392 1807; x_wconf 88' lang='lat' dir='ltr'>Mus.</span> <span class='ocrx_word' id='word_1_139' title='bbox 1425 1746 1517 1818; x_wconf 87' lang='lat' dir='ltr'>lv,</span> <span class='ocrx_word' id='word_1_140' title='bbox 1552 1746 1609 1818; x_wconf 83' lang='lat'>3,</span> <span class='ocrx_word' id='word_1_141' title='bbox 1634 1765 1691 1824; x_wconf 91' lang='lat' dir='ltr'>p.</span> <span class='ocrx_word' id='word_1_142' title='bbox 1726 1745 1869 1807; x_wconf 87' lang='grc'>476.</span> <span class='ocrx_word' id='word_1_143' title='bbox 1932 1746 2077 1807; x_wconf 89' lang='lat' dir='ltr'>Vera</span> <span class='ocrx_word' id='word_1_144' title='bbox 2108 1765 2280 1807; x_wconf 90' lang='lat' dir='ltr'>causa</span> <span class='ocrx_word' id='word_1_145' title='bbox 2309 1754 2447 1821; x_wconf 87' lang='lat' dir='ltr'>erat,</span> <span class='ocrx_word' id='word_1_146' title='bbox 2479 1746 2638 1824; x_wconf 86' lang='lat' dir='ltr'>quod</span> 
     </span>
     <span class='ocr_line' id='line_1_17' title="bbox 518 1829 2636 1912; baseline 0 -23"><span class='ocrx_word' id='word_1_147' title='bbox 518 1829 777 1909; x_wconf 83' lang='lat' dir='ltr'>Pyrrhus</span> <span class='ocrx_word' id='word_1_148' title='bbox 820 1830 1171 1908; x_wconf 87' lang='lat' dir='ltr'>spoliaverat</span> <span class='ocrx_word' id='word_1_149' title='bbox 1199 1831 1507 1891; x_wconf 89' lang='lat' dir='ltr'>thesauros</span> <span class='ocrx_word' id='word_1_150' title='bbox 1542 1830 1766 1891; x_wconf 90' lang='lat' dir='ltr'>Cereris</span> <span class='ocrx_word' id='word_1_151' title='bbox 1797 1830 2113 1902; x_wconf 84' lang='lat' dir='ltr'>EnnensiS‚</span> <span class='ocrx_word' id='word_1_152' title='bbox 2157 1850 2208 1890; x_wconf 84' lang='lat' dir='ltr'>V.</span> <span class='ocrx_word' id='word_1_153' title='bbox 2239 1830 2475 1912; x_wconf 78' lang='lat' dir='ltr'>Dionys,</span> <span class='ocrx_word' id='word_1_154' title='bbox 2507 1830 2636 1892; x_wconf 90' lang='lat' dir='ltr'>Hal.</span> 
     </span>
     <span class='ocr_line' id='line_1_18' title="bbox 518 1905 2370 2017; baseline 0.001 -43"><span class='ocrx_word' id='word_1_155' title='bbox 518 1915 787 1992; x_wconf 89' lang='lat' dir='ltr'>Excerpt.</span> <span class='ocrx_word' id='word_1_156' title='bbox 819 1934 876 1994; x_wconf 90' lang='lat' dir='ltr'>p.</span> <span class='ocrx_word' id='word_1_157' title='bbox 912 1914 1077 1975; x_wconf 82' lang='lat'>2362</span> <span class='ocrx_word' id='word_1_158' title='bbox 1109 1905 1978 2017; x_wconf 51' lang='lat' dir='ltr'>Reisk.;Suid.v.&#39;51ssvooog</span> <span class='ocrx_word' id='word_1_159' title='bbox 2007 1924 2064 1977; x_wconf 91' lang='lat' dir='ltr'>et</span> <span class='ocrx_word' id='word_1_160' title='bbox 2092 1909 2370 1997; x_wconf 87' lang='grc' dir='ltr'><strong><em>Πύρρος.</em></strong></span> 
     </span>
    </p>

    <p class='ocr_par' dir='ltr' id='par_1_5' title="bbox 506 1990 2636 3436">
     <span class='ocr_line' id='line_1_19' title="bbox 688 1990 2636 2080; baseline 0.001 -22"><span class='ocrx_word' id='word_1_161' title='bbox 688 1999 934 2071; x_wconf 89' lang='lat'>1‚14‚1</span> <span class='ocrx_word' id='word_1_162' title='bbox 972 1990 1039 2059; x_wconf 74' lang='grc' dir='ltr'><strong><em>ἐν</em></strong></span> <span class='ocrx_word' id='word_1_163' title='bbox 1085 1994 1161 2059; x_wconf 77' lang='grc' dir='ltr'>δέ</span> <span class='ocrx_word' id='word_1_164' title='bbox 1202 2018 1296 2080; x_wconf 79' lang='grc' dir='ltr'>τῳ</span> <span class='ocrx_word' id='word_1_165' title='bbox 1352 1993 1816 2079; x_wconf 82' lang='grc' dir='ltr'><strong><em>Τριπτολέμου</em></strong></span> <span class='ocrx_word' id='word_1_166' title='bbox 1860 2000 2201 2060; x_wconf 83' lang='lat' dir='ltr'>etc.Ita1n</span> <span class='ocrx_word' id='word_1_167' title='bbox 2229 1999 2507 2061; x_wconf 89' lang='lat' dir='ltr'>omnibus</span> <span class='ocrx_word' id='word_1_168' title='bbox 2532 2019 2636 2060; x_wconf 91' lang='lat' dir='ltr'>co-</span> 
     </span>
     <span class='ocr_line' id='line_1_20' title="bbox 519 2081 2635 2187; baseline 0.002 -45"><span class='ocrx_word' id='word_1_169' title='bbox 519 2082 771 2153; x_wconf 82' lang='lat' dir='ltr'>dicibuS,</span> <span class='ocrx_word' id='word_1_170' title='bbox 816 2083 931 2143; x_wconf 91' lang='lat' dir='ltr'>nisi</span> <span class='ocrx_word' id='word_1_171' title='bbox 976 2085 1134 2162; x_wconf 90' lang='lat' dir='ltr'>quod</span> <span class='ocrx_word' id='word_1_172' title='bbox 1175 2083 1234 2143; x_wconf 92' lang='lat' dir='ltr'>in</span> <span class='ocrx_word' id='word_1_173' title='bbox 1275 2082 1507 2143; x_wconf 90' lang='lat' dir='ltr'>duobus</span> <span class='ocrx_word' id='word_1_174' title='bbox 1539 2102 1717 2162; x_wconf 88' lang='lat' dir='ltr'>supra</span> <span class='ocrx_word' id='word_1_175' title='bbox 1748 2103 1949 2144; x_wconf 91' lang='lat' dir='ltr'>vocem</span> <span class='ocrx_word' id='word_1_176' title='bbox 1979 2087 2078 2180; x_wconf 76' lang='grc' dir='ltr'>τῷ</span> <span class='ocrx_word' id='word_1_177' title='bbox 2108 2086 2391 2187; x_wconf 86' lang='lat' dir='ltr'>scriptum</span> <span class='ocrx_word' id='word_1_178' title='bbox 2424 2092 2517 2146; x_wconf 89' lang='lat' dir='ltr'>est</span> <span class='ocrx_word' id='word_1_179' title='bbox 2547 2081 2635 2148; x_wconf 81' lang='grc' dir='ltr'>δέ.</span> 
     </span>
     <span class='ocr_line' id='line_1_21' title="bbox 515 2145 2633 2252; baseline 0.002 -25"><span class='ocrx_word' id='word_1_180' title='bbox 515 2166 660 2227; x_wconf 90' lang='lat' dir='ltr'>Inde</span> <span class='ocrx_word' id='word_1_181' title='bbox 705 2167 1024 2228; x_wconf 88' lang='lat' dir='ltr'>Creuzerus</span> <span class='ocrx_word' id='word_1_182' title='bbox 1068 2168 1377 2245; x_wconf 86' lang='lat' dir='ltr'>legendum</span> <span class='ocrx_word' id='word_1_183' title='bbox 1424 2168 1647 2246; x_wconf 88' lang='lat' dir='ltr'>putavit</span> <span class='ocrx_word' id='word_1_184' title='bbox 1690 2161 1759 2228; x_wconf 77' lang='grc' dir='ltr'><strong><em>ἐν</em></strong></span> <span class='ocrx_word' id='word_1_185' title='bbox 1805 2163 1881 2229; x_wconf 78' lang='grc' dir='ltr'>δέ</span> <span class='ocrx_word' id='word_1_186' title='bbox 1923 2166 2018 2251; x_wconf 80' lang='grc' dir='ltr'>τῷ</span> <span class='ocrx_word' id='word_1_187' title='bbox 2036 2145 2425 2252; x_wconf 86' lang='grc' dir='ltr'><strong><em>Δήμητρος,</em></strong></span> <span class='ocrx_word' id='word_1_188' title='bbox 2474 2172 2633 2249; x_wconf 89' lang='lat' dir='ltr'>quod</span> 
     </span>
     <span class='ocr_line' id='line_1_22' title="bbox 516 2253 2634 2330; baseline 0.003 -20"><span class='ocrx_word' id='word_1_189' title='bbox 516 2257 745 2330; x_wconf 90' lang='lat' dir='ltr'>praeter</span> <span class='ocrx_word' id='word_1_190' title='bbox 772 2270 856 2322; x_wconf 87' lang='lat' dir='ltr'>ea,</span> <span class='ocrx_word' id='word_1_191' title='bbox 888 2270 1038 2330; x_wconf 89' lang='lat' dir='ltr'>quae</span> <span class='ocrx_word' id='word_1_192' title='bbox 1070 2260 1270 2313; x_wconf 89' lang='lat' dir='ltr'>contra</span> <span class='ocrx_word' id='word_1_193' title='bbox 1301 2260 1505 2313; x_wconf 91' lang='lat' dir='ltr'>monet</span> <span class='ocrx_word' id='word_1_194' title='bbox 1532 2253 2034 2326; x_wconf 79' lang='lat' dir='ltr'>WestermannuS,</span> <span class='ocrx_word' id='word_1_195' title='bbox 2061 2253 2231 2314; x_wconf 88' lang='lat' dir='ltr'>etiam</span> <span class='ocrx_word' id='word_1_196' title='bbox 2255 2254 2390 2314; x_wconf 90' lang='lat' dir='ltr'>inde</span> <span class='ocrx_word' id='word_1_197' title='bbox 2412 2255 2634 2316; x_wconf 84' lang='lat' dir='ltr'>refuta-</span> 
     </span>
     <span class='ocr_line' id='line_1_23' title="bbox 514 2336 2632 2417; baseline 0.002 -21"><span class='ocrx_word' id='word_1_198' title='bbox 514 2344 640 2406; x_wconf 86' lang='lat' dir='ltr'>tur,</span> <span class='ocrx_word' id='word_1_199' title='bbox 681 2337 838 2414; x_wconf 90' lang='lat' dir='ltr'>quod</span> <span class='ocrx_word' id='word_1_200' title='bbox 882 2336 1165 2414; x_wconf 86' lang='lat' dir='ltr'>templum</span> <span class='ocrx_word' id='word_1_201' title='bbox 1200 2337 1339 2398; x_wconf 89' lang='lat' dir='ltr'>illud</span> <span class='ocrx_word' id='word_1_202' title='bbox 1369 2356 1549 2416; x_wconf 88' lang='lat' dir='ltr'>supra</span> <span class='ocrx_word' id='word_1_203' title='bbox 1578 2336 1804 2417; x_wconf 85' lang='lat' dir='ltr'>fontem</span> <span class='ocrx_word' id='word_1_204' title='bbox 1837 2339 2263 2399; x_wconf 87' lang='lat' dir='ltr'>Enneacrunon</span> <span class='ocrx_word' id='word_1_205' title='bbox 2295 2339 2423 2399; x_wconf 90' lang='lat' dir='ltr'>sine</span> <span class='ocrx_word' id='word_1_206' title='bbox 2453 2340 2632 2401; x_wconf 88' lang='lat' dir='ltr'>dubio</span> 
     </span>
     <span class='ocr_line' id='line_1_24' title="bbox 516 2420 2634 2500; baseline 0.002 -20"><span class='ocrx_word' id='word_1_207' title='bbox 516 2429 640 2480; x_wconf 86' lang='lat' dir='ltr'>erat</span> <span class='ocrx_word' id='word_1_208' title='bbox 667 2420 893 2481; x_wconf 87' lang='lat' dir='ltr'>Cereris</span> <span class='ocrx_word' id='word_1_209' title='bbox 925 2428 981 2481; x_wconf 89' lang='lat' dir='ltr'>et</span> <span class='ocrx_word' id='word_1_210' title='bbox 1009 2421 1421 2500; x_wconf 88' lang='lat' dir='ltr'>Proserpinae,</span> <span class='ocrx_word' id='word_1_211' title='bbox 1462 2440 1610 2500; x_wconf 87' lang='lat' dir='ltr'>quae</span> <span class='ocrx_word' id='word_1_212' title='bbox 1640 2441 1875 2500; x_wconf 90' lang='lat' dir='ltr'>semper</span> <span class='ocrx_word' id='word_1_213' title='bbox 1906 2423 2249 2484; x_wconf 88' lang='lat' dir='ltr'>coniunctae</span> <span class='ocrx_word' id='word_1_214' title='bbox 2279 2431 2471 2497; x_wconf 88' lang='lat' dir='ltr'>erant,</span> <span class='ocrx_word' id='word_1_215' title='bbox 2512 2443 2634 2486; x_wconf 90' lang='lat' dir='ltr'>non</span> 
     </span>
     <span class='ocr_line' id='line_1_25' title="bbox 513 2505 2635 2586; baseline 0.002 -21"><span class='ocrx_word' id='word_1_216' title='bbox 513 2505 755 2566; x_wconf 91' lang='lat' dir='ltr'>alterum</span> <span class='ocrx_word' id='word_1_217' title='bbox 779 2505 999 2566; x_wconf 90' lang='lat' dir='ltr'>Cereris</span> <span class='ocrx_word' id='word_1_218' title='bbox 1018 2506 1263 2566; x_wconf 90' lang='lat' dir='ltr'>alterum</span> <span class='ocrx_word' id='word_1_219' title='bbox 1281 2505 1687 2586; x_wconf 86' lang='lat' dir='ltr'>Proserpinae.</span> <span class='ocrx_word' id='word_1_220' title='bbox 1737 2507 1849 2567; x_wconf 90' lang='lat' dir='ltr'>Sed</span> <span class='ocrx_word' id='word_1_221' title='bbox 1878 2516 2035 2569; x_wconf 85' lang='lat' dir='ltr'>recte</span> <span class='ocrx_word' id='word_1_222' title='bbox 2057 2515 2200 2586; x_wconf 87' lang='lat' dir='ltr'>puto</span> <span class='ocrx_word' id='word_1_223' title='bbox 2220 2509 2543 2570; x_wconf 88' lang='lat' dir='ltr'>Creuzerus</span> <span class='ocrx_word' id='word_1_224' title='bbox 2561 2511 2635 2570; x_wconf 92' lang='lat' dir='ltr'>de</span> 
     </span>
     <span class='ocr_line' id='line_1_26' title="bbox 513 2590 2632 2698; baseline 0.001 -47"><span class='ocrx_word' id='word_1_225' title='bbox 513 2591 736 2668; x_wconf 78' lang='lat' dir='ltr'>templo</span> <span class='ocrx_word' id='word_1_226' title='bbox 769 2590 866 2651; x_wconf 88' lang='lat' dir='ltr'>Tri</span> <span class='ocrx_word' id='word_1_227' title='bbox 913 2591 1114 2651; x_wconf 88' lang='lat' dir='ltr'>tolemi</span> <span class='ocrx_word' id='word_1_228' title='bbox 1145 2590 1443 2664; x_wconf 90' lang='lat' dir='ltr'>dubitavit,</span> <span class='ocrx_word' id='word_1_229' title='bbox 1469 2599 1527 2651; x_wconf 90' lang='lat' dir='ltr'>et</span> <span class='ocrx_word' id='word_1_230' title='bbox 1550 2600 1790 2670; x_wconf 90' lang='lat' dir='ltr'>apparet</span> <span class='ocrx_word' id='word_1_231' title='bbox 1813 2592 2288 2670; x_wconf 87' lang='lat' dir='ltr'>coniungendum</span> <span class='ocrx_word' id='word_1_232' title='bbox 2314 2612 2444 2653; x_wconf 89' lang='lat' dir='ltr'>esse</span> <span class='ocrx_word' id='word_1_233' title='bbox 2440 2597 2632 2698; x_wconf 92' lang='grc' dir='ltr'><strong><em>Τρι-</em></strong></span> 
     </span>
     <span class='ocr_line' id='line_1_27' title="bbox 514 2667 2634 2780; baseline 0.003 -45"><span class='ocrx_word' id='word_1_234' title='bbox 514 2670 849 2777; x_wconf 80' lang='grc' dir='ltr'><strong><em>πτολέμου</em></strong></span> <span class='ocrx_word' id='word_1_235' title='bbox 878 2667 1160 2779; x_wconf 86' lang='grc' dir='ltr'><strong><em>α’γαλμα.</em></strong></span> <span class='ocrx_word' id='word_1_236' title='bbox 1221 2675 1356 2735; x_wconf 88' lang='lat' dir='ltr'>Mihi</span> <span class='ocrx_word' id='word_1_237' title='bbox 1387 2676 1762 2737; x_wconf 91' lang='lat' dir='ltr'>scribendum</span> <span class='ocrx_word' id='word_1_238' title='bbox 1796 2677 2018 2737; x_wconf 85' lang='lat' dir='ltr'>videtur</span> <span class='ocrx_word' id='word_1_239' title='bbox 2047 2673 2196 2738; x_wconf 84' lang='grc' dir='ltr'><strong><em>ναοὶ</em></strong></span> <span class='ocrx_word' id='word_1_240' title='bbox 2228 2669 2360 2739; x_wconf 55' lang='grc' dir='ltr'>δὲ(</span> <span class='ocrx_word' id='word_1_241' title='bbox 2322 2671 2502 2780; x_wconf 76' lang='grc' dir='ltr'><strong><em>υπὲρ</em></strong></span> <span class='ocrx_word' id='word_1_242' title='bbox 2514 2700 2554 2738; x_wconf 91' lang='grc' dir='ltr'><strong><em>τ</em></strong></span> <span class='ocrx_word' id='word_1_243' title='bbox 2598 2700 2634 2741; x_wconf 90' lang='grc' dir='ltr'><strong><em>ν</em></strong></span> 
     </span>
     <span class='ocr_line' id='line_1_28' title="bbox 512 2699 2632 2864; baseline 0.002 -44"><span class='ocrx_word' id='word_1_244' title='bbox 512 2753 746 2842; x_wconf 83' lang='grc' dir='ltr'><strong><em>κρήνην</em></strong></span> <span class='ocrx_word' id='word_1_245' title='bbox 776 2780 813 2821; x_wconf 97' lang='grc' dir='ltr'><strong><em>ο</em></strong></span> <span class='ocrx_word' id='word_1_246' title='bbox 854 2756 975 2839; x_wconf 77' lang='grc' dir='ltr'>μὲν</span> <span class='ocrx_word' id='word_1_247' title='bbox 1017 2754 1256 2864; x_wconf 82' lang='grc' dir='ltr'>Λήμητ</span> <span class='ocrx_word' id='word_1_248' title='bbox 1298 2779 1370 2832; x_wconf 95' lang='grc' dir='ltr'>ος</span> <span class='ocrx_word' id='word_1_249' title='bbox 1413 2753 1785 2863; x_wconf 86' lang='grc' dir='ltr'><strong><em>πεποίηται</em></strong></span> <span class='ocrx_word' id='word_1_250' title='bbox 1813 2757 1928 2822; x_wconf 82' lang='grc' dir='ltr'>καὶ</span> <span class='ocrx_word' id='word_1_251' title='bbox 1958 2755 2209 2845; x_wconf 84' lang='grc' dir='ltr'><strong><em>Κόρης·</em></strong></span> <span class='ocrx_word' id='word_1_252' title='bbox 2255 2755 2322 2823; x_wconf 80' lang='grc' dir='ltr'><strong><em>ἓν</em></strong></span> <span class='ocrx_word' id='word_1_253' title='bbox 2352 2757 2427 2823; x_wconf 79' lang='grc' dir='ltr'>δὲ</span> <span class='ocrx_word' id='word_1_254' title='bbox 2455 2699 2632 2845; x_wconf 54' lang='lat' dir='ltr'>‘affige</span> 
     </span>
     <span class='ocr_line' id='line_1_29' title="bbox 522 2837 2628 2948; baseline 0.002 -45"><span class='ocrx_word' id='word_1_255' title='bbox 522 2840 986 2938; x_wconf 84' lang='grc' dir='ltr'><strong><em>Τριπτολέμου</em></strong></span> <span class='ocrx_word' id='word_1_256' title='bbox 1017 2838 1237 2923; x_wconf 83' lang='grc' dir='ltr'><strong><em>κείμεν</em></strong></span> <span class='ocrx_word' id='word_1_257' title='bbox 1281 2866 1314 2905; x_wconf 91' lang='grc' dir='ltr'><strong><em>ν</em></strong></span> <span class='ocrx_word' id='word_1_258' title='bbox 1343 2839 1524 2906; x_wconf 75' lang='grc' dir='ltr'><strong><em>ἐστιν</em></strong></span> <span class='ocrx_word' id='word_1_259' title='bbox 1554 2837 1834 2926; x_wconf 77' lang='grc' dir='ltr'>ῗίγαλμα,</span> <span class='ocrx_word' id='word_1_260' title='bbox 1868 2865 2014 2948; x_wconf 89' lang='lat' dir='ltr'>quae</span> <span class='ocrx_word' id='word_1_261' title='bbox 2044 2854 2108 2906; x_wconf 91' lang='lat' dir='ltr'>ut</span> <span class='ocrx_word' id='word_1_262' title='bbox 2136 2853 2294 2907; x_wconf 91' lang='lat' dir='ltr'>recte</span> <span class='ocrx_word' id='word_1_263' title='bbox 2322 2846 2628 2925; x_wconf 50' lang='lat' dir='ltr'>intelligas„</span> 
     </span>
     <span class='ocr_line' id='line_1_30' title="bbox 511 2925 2629 3031; baseline 0.003 -45"><span class='ocrx_word' id='word_1_264' title='bbox 511 2928 791 2989; x_wconf 87' lang='lat' dir='ltr'>continuo</span> <span class='ocrx_word' id='word_1_265' title='bbox 821 2928 1140 3029; x_wconf 88' lang='lat' dir='ltr'>subiungas</span> <span class='ocrx_word' id='word_1_266' title='bbox 1180 2948 1326 3007; x_wconf 91' lang='lat' dir='ltr'>quae</span> <span class='ocrx_word' id='word_1_267' title='bbox 1358 2936 1683 3031; x_wconf 85' lang='lat' dir='ltr'>sequuntur</span> <span class='ocrx_word' id='word_1_268' title='bbox 1723 2935 1758 3005; x_wconf 67' lang='grc' dir='ltr'><strong>ξ</strong></span> <span class='ocrx_word' id='word_1_269' title='bbox 1793 2930 1829 2991; x_wconf 89' lang='grc'><strong>3</strong></span> <span class='ocrx_word' id='word_1_270' title='bbox 1871 2925 2044 3012; x_wconf 84' lang='grc' dir='ltr'>πρὸ</span> <span class='ocrx_word' id='word_1_271' title='bbox 2046 2928 2165 2992; x_wconf 77' lang='grc' dir='ltr'>τοῦ</span> <span class='ocrx_word' id='word_1_272' title='bbox 2208 2933 2370 2992; x_wconf 82' lang='grc' dir='ltr'><strong><em>ναοῦ</em></strong></span> <span class='ocrx_word' id='word_1_273' title='bbox 2411 2928 2629 3009; x_wconf 79' lang='grc' dir='ltr'><strong><em>τοῦδε,</em></strong></span> 
     </span>
     <span class='ocr_line' id='line_1_31' title="bbox 510 3003 2629 3096; baseline 0.002 -23"><span class='ocrx_word' id='word_1_274' title='bbox 510 3003 680 3073; x_wconf 73' lang='grc' dir='ltr'><strong><em>ἔνθα</em></strong></span> <span class='ocrx_word' id='word_1_275' title='bbox 723 3007 838 3073; x_wconf 82' lang='grc' dir='ltr'>καὶ</span> <span class='ocrx_word' id='word_1_276' title='bbox 880 3010 999 3075; x_wconf 80' lang='grc' dir='ltr'>τοῦ</span> <span class='ocrx_word' id='word_1_277' title='bbox 1051 3015 1286 3096; x_wconf 90' lang='grc' dir='ltr'><strong><em>Τριπτ.</em></strong></span> <span class='ocrx_word' id='word_1_278' title='bbox 1333 3010 1412 3075; x_wconf 87' lang='grc' dir='ltr'>τὸ</span> <span class='ocrx_word' id='word_1_279' title='bbox 1458 3005 1719 3093; x_wconf 88' lang='grc' dir='ltr'><strong><em>α’γαλμα</em></strong></span> <span class='ocrx_word' id='word_1_280' title='bbox 1764 3016 2301 3094; x_wconf 87' lang='lat' dir='ltr'>(sicloquitu1,ne</span> <span class='ocrx_word' id='word_1_281' title='bbox 2330 3017 2446 3077; x_wconf 89' lang='lat' dir='ltr'>hoc</span> <span class='ocrx_word' id='word_1_282' title='bbox 2473 3025 2629 3078; x_wconf 85' lang='lat' dir='ltr'>tem-</span> 
     </span>
     <span class='ocr_line' id='line_1_32' title="bbox 507 3097 2625 3200; baseline 0.002 -44"><span class='ocrx_word' id='word_1_283' title='bbox 507 3097 669 3176; x_wconf 89' lang='lat' dir='ltr'>plum</span> <span class='ocrx_word' id='word_1_284' title='bbox 701 3098 1094 3159; x_wconf 84' lang='lat' dir='ltr'>confundatur</span> <span class='ocrx_word' id='word_1_285' title='bbox 1125 3117 1256 3158; x_wconf 92' lang='lat' dir='ltr'>cum</span> <span class='ocrx_word' id='word_1_286' title='bbox 1275 3098 1594 3170; x_wconf 89' lang='lat' dir='ltr'>Eleusinio,</span> <span class='ocrx_word' id='word_1_287' title='bbox 1629 3100 1833 3200; x_wconf 91' lang='lat' dir='ltr'>quod</span> <span class='ocrx_word' id='word_1_288' title='bbox 1818 3119 1876 3159; x_wconf 88' lang='lat' dir='ltr'>m</span> <span class='ocrx_word' id='word_1_289' title='bbox 1902 3100 2007 3160; x_wconf 90' lang='lat' dir='ltr'>alia</span> <span class='ocrx_word' id='word_1_290' title='bbox 2031 3101 2192 3160; x_wconf 88' lang='lat' dir='ltr'>urbis</span> <span class='ocrx_word' id='word_1_291' title='bbox 2215 3102 2453 3179; x_wconf 86' lang='lat' dir='ltr'>regione</span> <span class='ocrx_word' id='word_1_292' title='bbox 2475 3104 2625 3176; x_wconf 86' lang='lat' dir='ltr'>erat)</span> 
     </span>
     <span class='ocr_line' id='line_1_33' title="bbox 510 3174 2630 3285; baseline 0.002 -43"><span class='ocrx_word' id='word_1_293' title='bbox 510 3189 568 3243; x_wconf 85' lang='lat' dir='ltr'>et</span> <span class='ocrx_word' id='word_1_294' title='bbox 605 3180 811 3242; x_wconf 87' lang='lat' dir='ltr'>deinde</span> <span class='ocrx_word' id='word_1_295' title='bbox 873 3176 974 3244; x_wconf 85' lang='grc' dir='ltr'>ε’τι</span> <span class='ocrx_word' id='word_1_296' title='bbox 1021 3177 1096 3243; x_wconf 77' lang='grc' dir='ltr'>δὲ</span> <span class='ocrx_word' id='word_1_297' title='bbox 1119 3174 1469 3285; x_wconf 88' lang='grc' dir='ltr'><strong><em>απωτέρω</em></strong></span> <span class='ocrx_word' id='word_1_298' title='bbox 1514 3180 1672 3257; x_wconf 82' lang='grc' dir='ltr'><strong><em>ναὸς</em></strong></span> <span class='ocrx_word' id='word_1_299' title='bbox 1712 3177 2060 3260; x_wconf 77' lang='grc' dir='ltr'><strong><em>Εὐκλείας,</em></strong></span> <span class='ocrx_word' id='word_1_300' title='bbox 2109 3186 2268 3264; x_wconf 91' lang='lat' dir='ltr'>quod</span> <span class='ocrx_word' id='word_1_301' title='bbox 2306 3186 2630 3263; x_wconf 85' lang='lat' dir='ltr'>respondet</span> 
     </span>
     <span class='ocr_line' id='line_1_34' title="bbox 506 3260 2625 3372; baseline 0.002 -46"><span class='ocrx_word' id='word_1_302' title='bbox 506 3266 618 3327; x_wconf 88' lang='lat' dir='ltr'>illis</span> <span class='ocrx_word' id='word_1_303' title='bbox 655 3262 804 3327; x_wconf 87' lang='grc' dir='ltr'><strong><em>ναοὶ</em></strong></span> <span class='ocrx_word' id='word_1_304' title='bbox 849 3260 1015 3349; x_wconf 76' lang='grc' dir='ltr'><strong><em>ὑπὲρ</em></strong></span> <span class='ocrx_word' id='word_1_305' title='bbox 1057 3262 1173 3350; x_wconf 74' lang='grc' dir='ltr'><strong><em>τήν</em></strong></span> <span class='ocrx_word' id='word_1_306' title='bbox 1214 3261 1449 3352; x_wconf 83' lang='grc' dir='ltr'><strong><em>κρήνην</em></strong></span> <span class='ocrx_word' id='word_1_307' title='bbox 1495 3288 1530 3329; x_wconf 99' lang='grc' dir='ltr'><strong><em>ο</em></strong></span> <span class='ocrx_word' id='word_1_308' title='bbox 1567 3262 1699 3371; x_wconf 89' lang='grc' dir='ltr'><strong><em>μέν.</em></strong></span> <span class='ocrx_word' id='word_1_309' title='bbox 1730 3304 1816 3312; x_wconf 85' lang='grc'>--</span> <span class='ocrx_word' id='word_1_310' title='bbox 1847 3269 2038 3330; x_wconf 88' lang='lat' dir='ltr'>Minus</span> <span class='ocrx_word' id='word_1_311' title='bbox 2078 3269 2269 3372; x_wconf 89' lang='lat' dir='ltr'>placet</span> <span class='ocrx_word' id='word_1_312' title='bbox 2296 3270 2625 3331; x_wconf 89' lang='lat' dir='ltr'>emendatio</span> 
     </span>
     <span class='ocr_line' id='line_1_35' title="bbox 509 3347 2251 3450; baseline 0.002 -39"><span class='ocrx_word' id='word_1_313' title='bbox 509 3350 817 3412; x_wconf 88' lang='lat' dir='ltr'>Schubarti</span> <span class='ocrx_word' id='word_1_314' title='bbox 849 3353 972 3412; x_wconf 89' lang='lat' dir='ltr'>Vol.</span> <span class='ocrx_word' id='word_1_315' title='bbox 1004 3352 1105 3423; x_wconf 91' lang='grc' dir='ltr'>ΙΙΙ,</span> <span class='ocrx_word' id='word_1_316' title='bbox 1132 3352 1334 3431; x_wconf 87' lang='lat' dir='ltr'>p1·.,aef</span> <span class='ocrx_word' id='word_1_317' title='bbox 1367 3372 1425 3431; x_wconf 93' lang='lat' dir='ltr'>p.</span> <span class='ocrx_word' id='word_1_318' title='bbox 1451 3355 1544 3426; x_wconf 89' lang='lat' dir='ltr'>VI,</span> <span class='ocrx_word' id='word_1_319' title='bbox 1576 3347 1644 3414; x_wconf 79' lang='grc' dir='ltr'><strong><em>έν</em></strong></span> <span class='ocrx_word' id='word_1_320' title='bbox 1690 3347 1766 3413; x_wconf 76' lang='grc' dir='ltr'>δὲ</span> <span class='ocrx_word' id='word_1_321' title='bbox 1808 3350 1906 3434; x_wconf 77' lang='grc' dir='ltr'>τῷ</span> <span class='ocrx_word' id='word_1_322' title='bbox 1950 3347 2251 3450; x_wconf 81' lang='grc' dir='ltr'><strong><em>δευτέρῳ.</em></strong></span> 
     </span>
    </p>

    <p class='ocr_par' dir='ltr' id='par_1_6' title="bbox 501 3399 2626 4028">
     <span class='ocr_line' id='line_1_36' title="bbox 675 3399 2625 3540; baseline 0.002 -45"><span class='ocrx_word' id='word_1_323' title='bbox 675 3435 720 3508; x_wconf 93' lang='grc' dir='ltr'>Ι,</span> <span class='ocrx_word' id='word_1_324' title='bbox 760 3438 856 3509; x_wconf 91' lang='grc'>14,</span> <span class='ocrx_word' id='word_1_325' title='bbox 889 3438 926 3497; x_wconf 86' lang='grc'><strong>2</strong></span> <span class='ocrx_word' id='word_1_326' title='bbox 960 3399 1294 3540; x_wconf 79' lang='grc' dir='ltr'><strong><em>αδελφους</em></strong></span> <span class='ocrx_word' id='word_1_327' title='bbox 1320 3473 1403 3482; x_wconf 94' lang='lat'>—-</span> <span class='ocrx_word' id='word_1_328' title='bbox 1432 3431 1790 3539; x_wconf 72' lang='grc' dir='ltr'><strong><em>θυγατέρα.</em></strong></span> <span class='ocrx_word' id='word_1_329' title='bbox 1850 3439 2041 3498; x_wconf 90' lang='lat' dir='ltr'>Cum</span> <span class='ocrx_word' id='word_1_330' title='bbox 2026 3457 2086 3499; x_wconf 90' lang='lat' dir='ltr'>m</span> <span class='ocrx_word' id='word_1_331' title='bbox 2119 3439 2420 3499; x_wconf 90' lang='lat' dir='ltr'>codicibus</span> <span class='ocrx_word' id='word_1_332' title='bbox 2450 3439 2625 3535; x_wconf 87' lang='lat' dir='ltr'>longe</span> 
     </span>
     <span class='ocr_line' id='line_1_37' title="bbox 504 3514 2625 3625; baseline 0.001 -44"><span class='ocrx_word' id='word_1_333' title='bbox 504 3521 773 3622; x_wconf 86' lang='lat' dir='ltr'>plurimis</span> <span class='ocrx_word' id='word_1_334' title='bbox 821 3521 897 3581; x_wconf 89' lang='lat' dir='ltr'>sit</span> <span class='ocrx_word' id='word_1_335' title='bbox 938 3517 1334 3624; x_wconf 73' lang='grc' dir='ltr'><strong><em>θυγατέρας,</em></strong></span> <span class='ocrx_word' id='word_1_336' title='bbox 1381 3523 1557 3582; x_wconf 88' lang='lat' dir='ltr'>scrib.</span> <span class='ocrx_word' id='word_1_337' title='bbox 1603 3542 1655 3582; x_wconf 89' lang='lat' dir='ltr'>v.</span> <span class='ocrx_word' id='word_1_338' title='bbox 1703 3514 2123 3625; x_wconf 78' lang='grc' dir='ltr'><strong><em>αδελφιὸοῦς.</em></strong></span> <span class='ocrx_word' id='word_1_339' title='bbox 2172 3558 2252 3568; x_wconf 87' lang='lat'>-—</span> <span class='ocrx_word' id='word_1_340' title='bbox 2301 3524 2518 3584; x_wconf 85' lang='lat' dir='ltr'>Ibidem</span> <span class='ocrx_word' id='word_1_341' title='bbox 2565 3524 2625 3584; x_wconf 87' lang='lat' dir='ltr'>in</span> 
     </span>
     <span class='ocr_line' id='line_1_38' title="bbox 502 3597 2623 3708; baseline 0.002 -45"><span class='ocrx_word' id='word_1_342' title='bbox 502 3606 692 3666; x_wconf 79' lang='lat' dir='ltr'>veihis</span> <span class='ocrx_word' id='word_1_343' title='bbox 724 3597 1076 3688; x_wconf 73' lang='grc' dir='ltr'><strong><em>Λθηναῖοι</em></strong></span> <span class='ocrx_word' id='word_1_344' title='bbox 1122 3601 1196 3667; x_wconf 78' lang='grc' dir='ltr'>δὲ</span> <span class='ocrx_word' id='word_1_345' title='bbox 1238 3603 1353 3667; x_wconf 83' lang='grc' dir='ltr'>καὶ</span> <span class='ocrx_word' id='word_1_346' title='bbox 1399 3600 1551 3668; x_wconf 92' lang='grc' dir='ltr'><strong><em>όσοι</em></strong></span> <span class='ocrx_word' id='word_1_347' title='bbox 1581 3602 1766 3708; x_wconf 81' lang='grc' dir='ltr'><strong><em>παρὰ</em></strong></span> <span class='ocrx_word' id='word_1_348' title='bbox 1794 3601 2055 3681; x_wconf 85' lang='grc' dir='ltr'><strong><em>τούτοις</em></strong></span> <span class='ocrx_word' id='word_1_349' title='bbox 2083 3608 2385 3686; x_wconf 84' lang='lat' dir='ltr'>ingeniose</span> <span class='ocrx_word' id='word_1_350' title='bbox 2419 3608 2623 3668; x_wconf 90' lang='lat' dir='ltr'>Siebe-</span> 
     </span>
     <span class='ocr_line' id='line_1_39' title="bbox 501 3644 2626 3788; baseline 0.002 -38"><span class='ocrx_word' id='word_1_351' title='bbox 501 3691 670 3752; x_wconf 86' lang='lat' dir='ltr'>lisius</span> <span class='ocrx_word' id='word_1_352' title='bbox 701 3698 799 3751; x_wconf 88' lang='lat' dir='ltr'>aut</span> <span class='ocrx_word' id='word_1_353' title='bbox 829 3644 1215 3788; x_wconf 73' lang='grc' dir='ltr'><strong><em>ἕμυήθησαν</em></strong></span> <span class='ocrx_word' id='word_1_354' title='bbox 1244 3691 1530 3752; x_wconf 85' lang='lat' dir='ltr'>excidisse</span> <span class='ocrx_word' id='word_1_355' title='bbox 1562 3701 1663 3752; x_wconf 86' lang='lat' dir='ltr'>aut</span> <span class='ocrx_word' id='word_1_356' title='bbox 1693 3709 1846 3753; x_wconf 90' lang='grc' dir='ltr'><strong><em>οσοι</em></strong></span> <span class='ocrx_word' id='word_1_357' title='bbox 1873 3687 2331 3775; x_wconf 82' lang='grc' dir='ltr'><strong><em>πλησιόχωροι</em></strong></span> <span class='ocrx_word' id='word_1_358' title='bbox 2359 3688 2626 3767; x_wconf 85' lang='grc' dir='ltr'><strong><em>τούτοις</em></strong></span> 
     </span>
     <span class='ocr_line' id='line_1_40' title="bbox 501 3776 2620 3854; baseline 0 -18"><span class='ocrx_word' id='word_1_359' title='bbox 501 3776 812 3854; x_wconf 89' lang='lat' dir='ltr'>legendum</span> <span class='ocrx_word' id='word_1_360' title='bbox 843 3776 1209 3836; x_wconf 85' lang='lat' dir='ltr'>existimavit.</span> <span class='ocrx_word' id='word_1_361' title='bbox 1255 3776 1469 3836; x_wconf 89' lang='lat' dir='ltr'>Verum</span> <span class='ocrx_word' id='word_1_362' title='bbox 1492 3777 1632 3838; x_wconf 91' lang='lat' dir='ltr'>dicit</span> <span class='ocrx_word' id='word_1_363' title='bbox 1651 3777 1971 3838; x_wconf 85' lang='lat' dir='ltr'>Pausanias</span> <span class='ocrx_word' id='word_1_364' title='bbox 1995 3778 2056 3838; x_wconf 91' lang='lat' dir='ltr'>ni</span> <span class='ocrx_word' id='word_1_365' title='bbox 2079 3779 2249 3839; x_wconf 84' lang='lat' dir='ltr'>fallor</span> <span class='ocrx_word' id='word_1_366' title='bbox 2269 3778 2620 3848; x_wconf 84' lang='lat' dir='ltr'>EleusinioS,</span> 
     </span>
     <span class='ocr_line' id='line_1_41' title="bbox 505 3861 2624 3942; baseline 0 -21"><span class='ocrx_word' id='word_1_367' title='bbox 505 3880 654 3940; x_wconf 89' lang='lat' dir='ltr'>quos</span> <span class='ocrx_word' id='word_1_368' title='bbox 688 3861 1043 3940; x_wconf 85' lang='lat' dir='ltr'>distinguere</span> <span class='ocrx_word' id='word_1_369' title='bbox 1075 3862 1192 3921; x_wconf 93' lang='lat' dir='ltr'>vult</span> <span class='ocrx_word' id='word_1_370' title='bbox 1220 3861 1329 3919; x_wconf 87' lang='lat' dir='ltr'>ab</span> <span class='ocrx_word' id='word_1_371' title='bbox 1314 3862 1457 3937; x_wconf 74' lang='lat' dir='ltr'>ipsis</span> <span class='ocrx_word' id='word_1_372' title='bbox 1482 3863 1933 3923; x_wconf 86' lang='lat' dir='ltr'>Atheniensibus</span> <span class='ocrx_word' id='word_1_373' title='bbox 1959 3881 2149 3942; x_wconf 91' lang='lat' dir='ltr'>neque</span> <span class='ocrx_word' id='word_1_374' title='bbox 2171 3881 2306 3923; x_wconf 88' lang='lat' dir='ltr'>vero</span> <span class='ocrx_word' id='word_1_375' title='bbox 2332 3862 2624 3940; x_wconf 88' lang='lat' dir='ltr'>appellare</span> 
     </span>
     <span class='ocr_line' id='line_1_42' title="bbox 501 3939 2023 4028; baseline 0.002 -23"><span class='ocrx_word' id='word_1_376' title='bbox 501 3946 693 4024; x_wconf 90' lang='lat' dir='ltr'>potuit</span> <span class='ocrx_word' id='word_1_377' title='bbox 718 3946 942 4006; x_wconf 87' lang='lat' dir='ltr'>vicinos</span> <span class='ocrx_word' id='word_1_378' title='bbox 976 3939 1528 4028; x_wconf 83' lang='grc' dir='ltr'><strong><em>(πλησιοχωρους)</em></strong></span> <span class='ocrx_word' id='word_1_379' title='bbox 1560 3947 2023 4008; x_wconf 88' lang='lat' dir='ltr'>Atheniensium.</span> 
     </span>
    </p>
   </div>
  </div>
 </body>
</html>
