2867 4717
485 457 548 510 22
1188 457 1267 508 De
1303 456 1610 525 Aeschyli
1644 456 1878 509 Persis.

384 700 391 707 ⁵
484 643 609 688 non
635 632 759 688 tam
789 643 822 688 a
850 631 1036 687 semet
1062 624 1228 706 ipsis,
1262 644 1440 706 quam
1469 644 1505 686 a
1532 624 1662 699 diis,
1704 643 1800 687 res
1832 642 2039 686 omnes
2069 644 2135 687 ac
2162 623 2420 705 singulas
2451 641 2595 703 pro-

486 710 824 774 curantibus
854 718 913 772 et
941 709 1336 792 operantibuS,
1368 711 1661 785 docerent,
1697 712 1787 772 vel
1819 711 2018 791 potius
2049 709 2130 772 ita
2167 729 2200 772 a
2237 728 2303 771 se
2340 708 2489 789 ipsis
2528 728 2618 771 ea·

484 803 709 877 patrata
739 815 889 871 5555,
919 804 986 858 ut
1021 795 1136 877 ipsi
1169 815 1234 857 ea
1275 814 1408 858 cum
1450 795 1580 871 diis,
1619 802 1678 856 et
1715 795 1795 857 dii
1835 815 1941 875 per
1978 815 2044 857 55
2082 795 2177 858 illa
2219 794 2594 856 absolverint.

485 882 702 944 Deinde
731 900 847 955 eaS,
880 900 1026 960 quae
1053 881 1268 961 mythis
1296 889 1573 960 tanquam
1606 880 1941 960 symbolicis
1972 880 2283 942 involucris
2312 878 2595 941 teneban-

485 974 602 1040 tur,
632 966 789 1028 ideas
820 965 897 1027 illi
926 984 1089 1028 nunc
1118 965 1498 1027 devolvebant
1526 973 1700 1045 atque
1730 965 2104 1046 explicabant,
2132 984 2345 1046 easque
2368 965 2439 1026 ad
2464 983 2596 1024 om-

486 1071 594 1114 nes
625 1070 718 1113 res
748 1051 1108 1131 praeteritaS,
1150 1058 1510 1131 praesenteS,
1558 1050 1806 1126 futuraS,
1852 1058 2042 1131 gestas
2091 1057 2264 1131 atque
2312 1049 2596 1130 gerendas

407 1158 460 1198 46
485 1136 704 1198 referre
727 1144 1085 1234 spectatores
1116 1136 1407 1198 docebant
1433 1171 1517 1182 —-
1545 1134 1807 1197 referre?
1846 1136 2043 1216 potius
2080 1136 2240 1198 ideas
2279 1135 2422 1210 illas,
2467 1133 2597 1215 qui-

485 1224 597 1284 bus
628 1221 968 1300 gravissima
1000 1241 1259 1301 quaeque
1289 1222 1360 1283 de
1388 1241 1586 1284 rerum
1618 1222 1840 1296 ordine,
1870 1222 1942 1282 de
1973 1222 2218 1283 deorum
2240 1219 2598 1295 numinibus»,

486 1308 557 1369 de
578 1306 889 1368 hominum
912 1307 1347 1369 conditionibus
1381 1305 1846 1381 continebantur,
1877 1312 2150 1387 tanquam
2179 1313 2464 1381 aeternas,
2491 1323 2601 1386 per

489 1410 696 1455 omnes
736 1392 950 1453 modos
990 1399 1048 1453 et
1085 1391 1309 1454 formas
1350 1392 1460 1453 sibi
1500 1399 1790 1467 constare,
1833 1391 2185 1470 easdemque
2223 1392 2284 1453 in
2316 1389 2597 1453 fabulosis

483 1477 593 1538 illis
614 1477 983 1557 temporibus
1014 1484 1073 1538 et
1102 1478 1278 1538 rebus
1304 1477 1542 1551 sanctis,
1573 1477 1920 1557 easdemque
1945 1478 2005 1538 in
2030 1477 2307 1538 omnibus
2332 1475 2598 1537 omnium

483 1569 823 1642 temporum
863 1571 923 1622 et
965 1561 1372 1625 conditionum
1411 1561 1591 1624 rebus
1632 1563 1828 1623 inesse
1872 1569 1930 1623 et
1972 1563 2130 1624 cerni
2158 1580 2339 1642 posse
2376 1560 2600 1622 indica·

485 1647 643 1709 bant.
703 1645 973 1708 Ceterum
1002 1653 1260 1727 apparet,
1291 1653 1577 1727 quantum
1606 1647 1989 1727 PhrynichuS,
2030 1647 2370 1727 AeschyluS,
2409 1645 2600 1707 Choe-

485 1731 647 1805 rilus,
685 1738 743 1792 et
772 1731 881 1811 qui
913 1732 1086 1794 ceteri
1124 1732 1485 1813 ejuscemodi
1527 1732 1791 1793 carmina
1827 1732 2175 1811 pangebant,
2219 1738 2501 1811 quantum
2538 1731 2600 1792 hi

487 1817 595 1878 viri
622 1815 732 1877 illis
764 1815 910 1897 ipsis
940 1817 1138 1891 rebuS‚
1168 1816 1380 1896 quibus
1409 1818 1483 1879 ad
1514 1836 1648 1879 eum
1679 1818 1855 1878 finem
1886 1817 2094 1897 primis
2125 1817 2453 1890 utebantur,
2495 1816 2601 1878 ad-

480 1902 839 1982 juvarentur.
900 1901 1050 1962 Nam
1077 1902 1220 1964 bella
1250 1903 1485 1965 Persica
1507 1920 1630 1963 non
1659 1902 1854 1963 solum
1886 1902 2161 1964 omnibus
2192 1900 2317 1963 Fati
2348 1909 2406 1963 et
2425 1900 2603 1962 divini

487 1985 758 2048 Numinis
788 1985 1158 2048 documentis
1190 2006 1363 2068 quam
1395 1988 1646 2048 maxime
1676 1987 1992 2067 conspicua
2016 1994 2197 2060 erant,
2228 1986 2601 2067 gravissima·

490 2089 603 2152 que
631 2071 702 2133 ad
735 2088 943 2132 omnes
973 2072 1334 2134 Graecorum
1364 2072 1731 2134 conditiones
1760 2079 1888 2134 tum
1919 2071 2295 2146 domesticaS,
2325 2078 2454 2134 tum
2488 2089 2601 2152 pu-

486 2156 697 2218 blicas:
729 2174 930 2217 verum
959 2156 1132 2218 etiam
1162 2156 1298 2219 inde
1326 2157 1398 2218 ab
1428 2158 1545 2219 hoc
1574 2158 1706 2237 ipso
1737 2163 2007 2237 tempore
2030 2157 2346 2218 maximam
2367 2155 2603 2235 religio-

487 2240 600 2315 nis,
629 2239 782 2315 fidei,
812 2240 1000 2303 cultus
1032 2242 1228 2304 omnis
1258 2242 1412 2322 apud
1447 2242 1699 2304 Graecos
1729 2241 2197 2304 immutationem
2230 2242 2441 2304 factam
2472 2259 2603 2303 esse

486 2326 754 2387 videmus
785 2361 869 2372 -—
896 2327 954 2387 id
987 2326 1145 2406 quod
1175 2327 1389 2409 partim
1418 2345 1525 2407 per
1551 2328 1681 2407 ipsa
1712 2326 1804 2388 illa
1833 2326 1979 2388 bella
2009 2327 2226 2390 factum
2252 2335 2359 2402 est,
2388 2327 2602 2407 partim

486 2417 733 2491 propter
760 2411 897 2473 alias
929 2430 1152 2486 causaS,
1191 2431 1334 2493 quas
1368 2429 1676 2473 recensere
1717 2429 1877 2473 nunc
1906 2411 2145 2491 longum
2187 2418 2293 2474 est.
2353 2411 2601 2474 Choerili

488 2495 747 2558 carmina
768 2496 1061 2558 interiisse
1083 2496 1402 2559 dolendum
1424 2516 1567 2560 sane
1591 2504 1679 2558 est
1700 2497 2091 2571 vehementer,
2115 2505 2426 2579 propterea
2445 2497 2603 2577 quod

487 2581 670 2642 multa
699 2581 828 2642 sine
859 2581 1036 2643 dubio
1067 2582 1204 2643 inde
1235 2582 1307 2644 ad
1337 2600 1558 2645 novum
1587 2582 1726 2643 illud
1755 2600 2008 2661 poeseos
2042 2601 2226 2660 genus
2258 2581 2602 2644 historicum

488 2664 895 2728 illustrandum
926 2666 1172 2729 derivari
1201 2668 1521 2746 potuerint.
1582 2668 1951 2747 Quamquam
1981 2666 2142 2729 illum
2172 2674 2405 2748 poetam
2437 2667 2589 2746 inge·

487 2750 587 2811 nio
619 2769 687 2813 ac
714 2757 836 2813 arte
865 2765 1072 2832 parum
1101 2752 1387 2815 valuissse
1417 2752 1791 2827 crediderim,
1822 2751 1920 2832 qui
1949 2771 2057 2833 per
2095 2771 2157 2813 se
2194 2752 2389 2832 magni
2427 2752 2604 2813 aesti-

487 2836 740 2897 mandus
767 2836 960 2899 fuerit.
1026 2838 1283 2909 Accedit,
1322 2838 1481 2918 quod
1521 2838 1657 2919 pius
1693 2837 1786 2899 ille
1826 2845 1998 2918 atque
2037 2837 2231 2900 bonus
2270 2836 2602 2899 Herodotus

408 2941 460 2981 47
488 2919 662 2981 nobis
694 2927 943 2993 constat,
975 2921 1073 3000 qui
1103 2930 1160 2984 et
1188 2924 1315 3002 ipse
1346 2923 1587 2984 dimidio
1611 2923 1811 3003 epicus
1834 2931 1939 2998 est,
1970 2929 2029 2984 et
2048 2923 2261 2996 fontes,
2295 2942 2366 2985 ex
2389 2921 2601 3002 quibus

487 3005 549 3064 in
581 3004 788 3066 harum
817 3023 1019 3066 rerum
1042 3007 1414 3069 enarratione
1445 3008 1656 3082 hausit,
1684 3008 2028 3087 Dionysium
2058 3006 2278 3070 scilicet
2294 3007 2601 3082 Milesium,

487 3088 839 3165 Choerilum,
878 3108 1067 3171 neque
1098 3110 1223 3154 non
1252 3093 1450 3173 ipsum
1478 3092 1876 3173 Phrynichum
1905 3099 2195 3156 vetustum
2234 3100 2291 3155 et
2318 3093 2601 3155 Nostrum

491 3173 634 3235 adeo
664 3194 804 3255 prae
831 3194 895 3237 se
922 3176 1054 3251 fert,
1085 3185 1152 3241 ut
1178 3177 1256 3241 illi
1286 3197 1495 3241 rursus
1527 3198 1595 3241 ex
1625 3197 1695 3240 eo
1728 3177 1932 3240 saltem
1962 3198 2032 3240 ex
2059 3186 2226 3258 parte
2255 3177 2602 3258 recognosci

492 3266 723 3337 queant.
