2867 4717
26 576 29 591 a
26 284 29 385 „e—
25 0 49 245 -.-

1108 390 1593 458 Peripatetico.
2303 396 2404 448 101

266 556 387 620 rat,
424 548 668 627 penitus
690 546 1084 621 absolverunt,
1111 554 1180 608 ut
1206 546 1377 608 etiam
1409 566 1585 621 nunc,
1613 547 1910 609 nonnullis
1941 549 2196 623 mutatiS,
2227 549 2410 612 Stoici

271 633 499 712 optimi
540 651 741 693 earum
782 632 1220 711 quaestionum,
1274 651 1423 712 quae
1463 633 1936 713 philosophicam
1970 635 2408 713 grammaticam

273 724 578 796 spectant,
600 717 972 778 institutores
995 717 1334 778 habeantur.
1389 717 1602 778 Verum
1634 726 1832 778 tamen
1864 718 2046 779 Stoici
2075 738 2207 780 cum
2232 719 2291 779 in
2315 720 2409 779 in-

272 801 683 880 terpretandis
707 801 1100 880 scriptoribus
1123 801 1659 881 vocabulorumque
1674 803 2091 880 significatibus
2108 821 2411 882 exponen·

277 886 374 947 dis
403 886 814 947 artificiosiore
837 885 1173 964 disputandi
1195 904 1406 964 genere
1429 893 1748 959 uterentur,
1766 887 1925 964 quod
1950 907 1978 948 a
1997 889 2409 964 grammatico-

276 989 422 1031 rum
456 970 984 1032 Alexandrinorum
1026 970 1396 1049 simplicitate
1435 979 1608 1050 atque
1645 990 1758 1032 usu
1787 971 2157 1045 ahhorreret,
2193 974 2413 1033 factum

277 1056 522 1115 videtur
545 1061 613 1115 ut
633 1054 710 1126 hi,
743 1055 944 1115 saltem
969 1054 1348 1133 antiquiores,
1372 1055 1432 1115 in
1457 1056 1835 1133 grammatica
1862 1056 2101 1118 colenda
2127 1057 2210 1117 vel
2236 1075 2412 1137 pror-

277 1158 397 1200 sus
427 1139 793 1200 abstinerent
819 1157 851 1198 a
881 1139 1274 1217 philosophia,
1300 1139 1389 1199 vel
1413 1139 1834 1218 Peripateticos
1860 1141 2058 1218 potius
2083 1160 2259 1220 quam
2279 1141 2408 1201 illos

280 1231 681 1302 sequerentur
700 1224 819 1299 18).
899 1222 1112 1284 Contra
1159 1224 1499 1301 Pergameni
1539 1224 1772 1284 Stoicos
1822 1225 2191 1287 sectabantur
2239 1244 2408 1304 prae·
2440 1241 2491 1282 is

284 1308 757 1387 ceptoribusque
798 1307 951 1379 suiS,
999 1316 1067 1368 ut
1117 1308 1342 1368 mittam
1396 1307 1600 1369 falsam
1643 1309 2061 1386 interpretandi
2102 1310 2411 1381 rationem,

282 1393 435 1453 illud
489 1393 691 1452 saltem
731 1390 1045 1462 dehebant,
1100 1411 1216 1469 quo
1257 1391 1663 1453 Alexandrinis
1716 1392 1963 1453 multum
2016 1394 2412 1471 praestabant,

284 1477 454 1556 quod
508 1476 946 1553 grammaticam
989 1477 1289 1536 scientiam
1334 1482 1504 1553 atque
1555 1484 1738 1536 artem
1790 1495 1921 1537 esse
1957 1483 2014 1537 et
2055 1496 2187 1538 cum
2226 1479 2413 1557 logica

286 1560 706 1639 copulandam,
735 1577 858 1620 non
888 1560 1298 1638 experientiam
1330 1579 1551 1620 meram
1583 1566 1757 1640 atque
1786 1561 2173 1622 irrationalem
2203 1562 2416 1623 intelli-

285 1645 642 1723 gehantw).
704 1646 910 1705 Potest
937 1662 1075 1704 vero
1107 1645 1276 1705 etiam
1308 1643 1550 1706 alterum
1581 1644 1739 1717 illud,
1770 1663 1885 1724 quo
1916 1645 2414 1723 Pergamenorum

439 1794 518 1857 18)
555 1795 714 1845 Secus
738 1796 925 1845 iudicat
948 1795 1073 1845 Rud.
1099 1796 1320 1846 Schmidt
1354 1797 1414 1846 de
1440 1795 1722 1846 Stoicorum
1747 1798 2067 1860 grammatica
2084 1814 2130 1863 p.
2149 1797 2213 1846 32
2245 1797 2414 1861 „Ete-

286 1863 397 1912 nim
432 1877 541 1910 cum
566 1862 1021 1912 Alexandrinorum
1055 1867 1513 1925 grammaticorum,
1550 1865 1772 1927 priorum
1809 1864 2000 1928 quidem
2036 1879 2305 1929 eorumque
2332 1863 2412 1927 qui

286 1931 498 1995 proprie
532 1945 690 1994 neque
717 1930 974 1995 Heyniano
1000 1946 1153 1979 sensu
1179 1932 1247 1979 ita
1272 1931 1530 1992 dicuntur,
1567 1931 1653 1979 vix
1677 1946 1777 1979 uno
1811 1930 2039 1980 alterove
2074 1933 2300 1996 exceptis
2328 1945 2417 1979 ne-

285 1997 414 2046 mini
449 1996 554 2046 ulla
587 2012 748 2063 neque
781 2012 890 2046 cum
924 1997 1302 2062 Peripateticis,
1343 1998 1389 2046 id
1426 1997 1555 2062 quod
1588 1998 1749 2047 minus
1785 2004 1922 2046 recte
1952 1997 2133 2047 alicubi
2168 1999 2416 2048 iudicasse

288 2064 579 2114 Prellerum
602 2065 826 2127 memini,
854 2080 1013 2129 neque
1044 2081 1153 2115 cum
1180 2064 1365 2114 Stoicis
1390 2065 1712 2115 necessitudo
1737 2065 2078 2115 intercederet
2101 2066 2184 2116 vel
2208 2081 2417 2116 consor·

286 2132 383 2193 tio,
411 2133 721 2196 omniumque
747 2133 911 2182 studia
930 2133 1072 2181 unice
1092 2132 1252 2198 ampla
1273 2133 1554 2182 eruditione
1576 2139 1628 2182 et
1645 2133 1847 2183 assidua
1867 2131 2215 2198 indefessaque
2236 2134 2414 2183 lectio-

289 2215 357 2248 ne
383 2207 437 2248 et
461 2199 813 2249 observatione
839 2201 885 2248 in
906 2201 1068 2264 poetis
1088 2200 1514 2264 scriptoribusque
1536 2201 1914 2250 continerentur
1939 2202 2076 2261 et,c.“
2112 2201 2200 2250 Cui
2220 2209 2278 2250 ut
2297 2217 2415 2250 con-

290 2267 466 2316 cedam
490 2266 860 2316 Alexandrinos
884 2267 1243 2333 philosophiam
1270 2283 1366 2316 non
1393 2267 1593 2316 nimium
1620 2283 1853 2330 curasse,
1880 2275 2044 2317 tamen
2070 2269 2192 2318 illud
2220 2270 2415 2334 quidem

290 2334 473 2383 adduci
498 2334 585 2382 vix
611 2349 838 2399 possum,
873 2342 931 2383 ut
961 2335 1091 2383 omni
1117 2335 1424 2400 philosophia
1450 2335 1600 2383 rudes
1625 2331 1781 2385 fuisse
1806 2335 2026 2384 arbitrer
2050 2337 2132 2400 qui
2156 2343 2255 2385 tam
2280 2334 2413 2384 diffi-

290 2402 441 2451 cilem
464 2409 624 2451 artem
650 2408 748 2451 tam
775 2402 998 2451 scienter
1014 2402 1291 2467 callideque
1310 2402 1686 2467 descripserint.
1725 2402 2075 2467 Sequebantur
2100 2409 2266 2452 autem
2286 2403 2414 2452 haud

291 2469 443 2547 dubie
469 2470 516 2516 in
544 2469 936 2547 philosophando
961 2469 1249 2519 eclecticam
1270 2471 1529 2549 rationem,
1550 2485 1723 2518 verum
1743 2470 1813 2519 ita
1834 2476 1888 2548 ut
1906 2469 2256 2549 Peripateticis
2277 2471 2414 2520 litte-

290 2552 364 2653 {1¹2
377 2538 802 2653 :353512253353
808 2543 1001 2662 2333,
1019 2536 1200 2668 2222*ss
1207 2536 1744 2653 2?5.¹”;¹.¹i‘.t¹1?.¹‚¹232¹.¹;¹¹
1752 2536 2414 2669 ἷῗέἑῖἶῗξῖἶῖἓιῖἑὲῑέξίζ

290 2671 582 2720 Stratonem
607 2672 667 2720 ad
697 2686 752 2721 se
777 2672 1081 2734 adscivisse,
1117 2672 1274 2737 ipsum
1302 2673 1362 2721 de
1389 2672 1494 2719 vita
1518 2686 1577 2720 ac
1603 2672 1804 2735 scriptis
1829 2672 2103 2733 stagiritae
2129 2672 2412 2736 scripsisse,

286 2754 339 2789 v.
362 2738 518 2787 Stahr
532 2739 831 2788 Aristotelia
853 2737 964 2789 Vol.
988 2737 1045 2801 Π,
1072 2754 1117 2804 p.
1143 2740 1203 2788 61
1233 2755 1308 2803 sq.
1362 2738 1502 2788 Adde
1528 2738 1657 2803 quod
1682 2737 2024 2801 Callimachus,
2048 2738 2413 2803 Aristophanes

289 2806 569 2872 Byzantius
600 2806 785 2870 aliique
809 2807 1106 2856 Aristotelis
1140 2806 1325 2870 scripta
1361 2811 1731 2864 tractaverant,
1756 2820 1805 2852 v.
1833 2804 1899 2854 ib.
1924 2822 1969 2871 p.
1998 2805 2062 2854 98
2089 2821 2193 2870 sq.;
2219 2806 2408 2856 Polem.

290 2870 469 2936 fragm.
497 2889 544 2937 p.
574 2872 687 2937 131,
713 2880 765 2923 et
790 2875 916 2939 quod
942 2873 1264 2937 HermippuS,
1297 2871 1581 2922 Callimachi
1607 2871 1906 2937 discipulus,
1944 2879 2082 2923 tanto
2109 2889 2218 2922 cum
2244 2875 2408 2923 studio

292 2941 342 2989 in
366 2940 666 2990 Aristotelis
692 2947 742 2990 et
766 2940 1098 3005 Theophrasti
1131 2940 1361 3005 scriptis,
1397 2940 1545 2989 etiam
1573 2939 1931 3006 Metaphysicis
1953 2948 2189 2991 versatus
2213 2949 2317 3004 est,
2352 2948 2409 2990 ut

293 3023 472 3057 nomen
499 3007 822 3073 Peripatetici
853 3015 1153 3058 mereretur.
1202 3008 1344 3057 Adde
1379 3008 1514 3056 inter
1538 3008 1673 3072 ipsos
1697 3009 2046 3069 grammaticos
2071 3009 2409 3058 Ptolemaeum

293 3075 702 3141 Peripateticum,
727 3077 867 3125 cuius
892 3077 951 3124 de
969 3077 1286 3138 grammatica
1313 3074 1651 3125 definitionem
1678 3077 1904 3125 servavit
1928 3075 2071 3126 Sext.
2094 3076 2278 3139 Empir.
2298 3078 2410 3125 adv·

292 3142 451 3193 Math.
477 3142 513 3207 I,
538 3142 588 3206 3,
613 3140 675 3192 cf.
699 3143 865 3193 Schol.
894 3143 1004 3193 Art.
1025 3143 1233 3208 Dionys.
1258 3160 1305 3208 p.
1336 3143 1432 3192 730
1487 3142 1761 3192 Praeterea
1784 3158 1812 3192 a
1840 3143 1981 3205 Diog.
2008 3142 2064 3191 L.
2091 3145 2139 3191 in
2168 3143 2409 3205 catalogis

293 3211 406 3261 τῶν
436 3206 754 3278 ὁμωνύμων
786 3211 1055 3260 identidem
1079 3209 1403 3276 Peripatetici
1432 3209 1761 3259 Alexandrini
1786 3217 2149 3273 memorantur,
2183 3210 2326 3261 velut
2351 3209 2409 3274 V,

292 3277 354 3327 61
384 3273 652 3347 Στράτων
682 3304 751 3314 -
775 3271 983 3344 ’ὄγδοος
1005 3281 1088 3328 Πε
1127 3271 1477 3341 ιπατητικός,
1502 3273 1777 3342 βεβιωκώς
1799 3274 1859 3327 ἓν
1887 3271 2291 3344 Ἀλεξανδρείᾳ,
2327 3279 2408 3343 qui

291 3359 322 3394 a
345 3345 686 3410 Lampsaceno
712 3346 1062 3408 distinguitur,
1093 3295 1179 3406 (ill,
1210 3344 1307 3395 164
1336 3339 1603 3413 Ἀρίστων
1626 3371 1694 3381 -
1717 3340 1874 3400 ἕκτος
1900 3340 2283 3412 Ἀλεξανδρεὺς
2303 3349 2412 3396 Πε-

292 3407 678 3529 ριπατητικόςε
706 3420 763 3463 ut
783 3415 903 3462 haec
922 3413 1228 3478 philosophia
1251 3428 1387 3462 suam
1409 3413 1693 3462 cathedram
1711 3428 1769 3462 ac
1790 3414 2158 3462 successionem
2172 3415 2218 3462 in
2233 3413 2407 3463 Museo

341 3480 638 3530 lexandrino
665 3480 898 3530 habuisse
932 3482 1190 3544 videatur,
1227 3481 1355 3545 quod
1381 3480 1703 3529 confirmatur
1727 3481 2015 3530 narratione
2041 3481 2133 3530 hac
2156 3496 2233 3544 ap.
2263 3481 2408 3530 Dion.

294 3547 435 3597 Cass.
464 3545 721 3610 LXXVII,
749 3548 777 3595 7
805 3549 897 3597 καὶ
923 3546 991 3613 δὴ
1017 3549 1107 3597 καὶ
1134 3544 1260 3603 τοὺς
1279 3544 1632 3616 φιλοσόφους
1649 3545 1775 3603 τοὺς
1795 3542 2257 3617 Ἀριστοτελείους
2275 3544 2411 3598 ὦνο-

291 3617 618 3684 μασμένους
640 3609 708 3664 τα
734 3630 791 3665 τε
816 3613 955 3665 ἄλλα
980 3613 1174 3670 δεινῶς
1197 3613 1379 3684 ἐμίσει
1406 3614 1718 3677 (Caracalla),
1745 3608 1887 3665 ὥστε
1910 3616 2002 3665 καὶ
2025 3611 2091 3664 τὰ
2109 3615 2292 3679 βιβλία
2313 3609 2407 3663 αι’·-

293 3682 391 3733 τοῦ
424 3683 770 3733 κατακαῦσαι
801 3682 1090 3747 ἐθελῆσαι,
1124 3685 1216 3732 καὶ
1240 3679 1306 3732 τὰ
1334 3685 1594 3733 συσσίτια
1618 3675 1653 3731 ἃ
1679 3680 1738 3733 ἔν
1762 3684 1825 3752 τῇ
1851 3678 2231 3750 Ἀλεξανδρείᾳ
2257 3679 2409 3747 εἶχον

293 3744 392 3806 τάς
426 3766 485 3800 τε
521 3748 725 3806 λοιπὰς
756 3745 1024 3817 ὠφελείας
1050 3747 1185 3806 ὅσας
1205 3749 1553 3819 ἐκαρποῦντο
1580 3745 1855 3817 ἀφείλετο,
1881 3749 2180 3816 ἐγκαλέσας
2205 3752 2409 3815 σφίσιν

292 3811 382 3934 ἕέι
427 3819 709 3873 συναίτιος
757 3820 835 3883 τῷ
878 3814 1217 3887 Ἀλεξάνδρῳ
1263 3818 1361 3868 τοῦ
1402 3812 1657 3869 θανάτου
1702 3814 2081 3887 Ἀριστοτέλης
2118 3817 2406 3883 γεγονέναι

360 3885 468 3942 οξε.

435 3953 514 4014 19)
553 3951 692 4002 Inter
715 3954 1086 4003 Alexandrinos
1113 3953 1428 4003 Ptolemaeus
1463 3956 1655 4004 demum
1681 3951 2044 4017 Peripateticus
2070 3958 2123 4000 et
2145 3951 2411 4016 Asclepia-

292 4020 382 4068 des
419 4020 713 4085 Myrleanus
748 4021 1114 4083 grammaticam
1151 4036 1246 4070 non
1283 4018 1606 4089 ἐμπειρίαν,
1634 4021 1721 4069 sed
1748 4021 1943 4086 τέχνην
1966 4034 2079 4067 esse
2106 4019 2410 4081 statuebant,
