2867 4717
777 438 868 490 De
905 449 1136 491 caussa
1170 433 1454 492 nominis
1492 431 1950 507 Caryatidum.
2307 428 2410 487 13⁶1

314 595 412 658 usi
443 594 677 669 sunt2).
735 593 965 655 Etenim
998 594 1090 655 alii
1120 594 1190 654 de
1211 593 1405 674 Caryis
1428 593 1751 666 LaconiciS‚
1784 612 1898 673 qua
1928 593 2000 654 de
2019 593 2166 654 urbe
2197 592 2419 672 optime

317 686 569 753 constat,
600 679 977 758 desperantes
1001 679 1283 760 aliamque
1312 687 1621 759 propterea
1644 679 1905 740 eiusdem
1933 679 2192 739 nominis
2215 677 2419 739 urbem

322 763 883 842 circumspicienteS,
915 764 1256 825 Arcadicam
1285 763 1547 825 videlicet
1569 783 1638 824 ex
1659 763 1945 824 Pausania
1975 764 2343 842 protulerunt
2364 770 2421 824 et

320 849 690 910 Herodotum
722 849 875 921 VIII,
907 849 988 909 26
1031 849 1101 909 de
1129 848 1448 910 Arcadibus
1489 850 1558 910 ad
1592 848 1836 909 Xerxem
1869 847 2266 910 deficientibus
2296 866 2424 908 me·

322 952 555 994 morare
586 940 916 1011 arguerunt.
979 934 1094 995 Sed
1120 934 1331 1013 Caryae
1361 932 1506 994 istae
1534 933 1844 995 Arcadicae
1871 950 1994 993 non
2026 931 2284 993 existunt
2310 931 2427 993 nisi

324 1018 387 1078 in
417 1019 742 1078 Pausaniae
781 1018 1061 1116 exemplis
1102 1035 1309 1097 parum
1349 1017 1697 1090 emendatis,
1739 1025 1798 1078 et
1824 1017 2156 1078 Herodotus
2187 1016 2428 1077 minime

325 1103 401 1162 de
430 1104 732 1164 universae
762 1102 1002 1164 civitatis
1033 1103 1355 1164 defectione
1385 1103 1669 1181 loquitur,
1707 1103 1810 1162 sed
1842 1102 1913 1162 de
1950 1102 2152 1201 paucis
2184 1101 2427 1206 quibus-

329 1188 462 1247 dam
495 1187 708 1248 victum
743 1196 914 1289 atque
944 1207 1186 1267 operam
1219 1188 1627 1291 quaerentibus
1660 1177 1904 1268 (ὀλίγοι
1932 1206 2136 1263 τινες,
2178 1179 2327 1265 βίου
2357 1205 2431 1246 τε

331 1265 634 1350 δεόμενοι
671 1266 786 1332 καὶ
803 1267 1073 1370 ,ἐνεργοὶ
1113 1265 1500 1351 βουλόμενοι
1548 1259 1762 1347 εἶναι).
1830 1271 1938 1332 Alii
1976 1271 2430 1350 Xenophontem

329 1357 677 1432 citaverunt,
720 1357 819 1434 qui
858 1358 918 1419 in
948 1356 1094 1418 Hist.
1128 1357 1225 1418 Gr.
1258 1357 1359 1430 VI,
1399 1358 1465 1430 5,
1507 1356 1586 1418 25
1619 1375 1747 1435 sqq
1779 1356 1905 1432 VII,
1951 1356 2014 1428 1,
2047 1355 2128 1417 28
2160 1356 2430 1434 Caryates

328 1449 526 1502 narrat
553 1460 585 1501 a
618 1440 922 1520 Spartanis
953 1443 1023 1503 ad
1057 1442 1309 1503 Arcades
1340 1441 1620 1502 defecisse
1660 1449 1718 1502 et
1751 1447 1996 1519 propter
2023 1439 2082 1500 id
2121 1440 2191 1500 ab
2221 1440 2433 1500 Archi-

333 1528 509 1587 damo
539 1544 692 1604 rege,
721 1533 1046 1605 expugnata
1079 1526 1237 1601 urbe,
1268 1527 1570 1587 occidione
1598 1525 1825 1588 occisos
1854 1543 1999 1597 esse,
2033 1525 2187 1604 quod
2214 1525 2433 1586 factum

333 1617 600 1672 statuunt
629 1611 974 1672 confusione
1004 1629 1237 1685 eorum,
1276 1611 1374 1690 qui
1401 1629 1623 1672 nomen
1654 1610 2019 1690 Caryatidum
2056 1611 2434 1688 peregrinan-

335 1694 490 1755 tibus
515 1697 924 1769 enarraverint,
947 1696 1020 1756 ad
1042 1703 1307 1775 tempora
1333 1695 1462 1756 belli
1487 1695 1710 1757 Persici
1731 1701 2067 1756 revocatum
2083 1713 2229 1755 esse.
2268 1696 2433 1767 Quos

338 1780 484 1840 bene
521 1780 790 1841 refutavit
827 1781 1134 1851 Matrinius,
1186 1781 1428 1842 Vitruvii
1468 1780 1857 1841 narrationem
1897 1779 2142 1840 nimium
2173 1799 2205 1840 a
2235 1780 2436 1839 Xeno-

339 1866 595 1943 phontea
634 1865 961 1944 discrepare
999 1883 1279 1938 monens,
1321 1865 1412 1927 cui
1454 1872 1801 1943 argumento
1841 1864 1973 1925 addi
2012 1871 2235 1942 potest,
2279 1864 2436 1942 quod

339 1949 674 2010 incredibile
705 1956 820 2023 est,
861 1958 980 2011 tam
1018 1957 1310 2011 recentem
1341 1950 1685 2010 memoriam
1714 1949 1808 2011 illo
1841 1967 1980 2009 aevo
2017 1947 2436 2009 litteratissimo

342 2034 487 2096 adeo
520 2034 823 2095 obscurari
851 2036 1134 2114 potuisse,
1166 2041 1230 2095 ut
1259 2034 1330 2094 de
1359 2034 1725 2114 temporibus
1756 2033 2039 2095 bellorum
2065 2033 2439 2094 Persicorum

339 2128 568 2181 narrata
594 2119 811 2181 fuerint
840 2139 986 2199 quae
1014 2120 1376 2199 pertinerent
1402 2120 1473 2181 ad
1501 2127 1770 2198 tempora
1798 2118 2149 2179 Archidami.

513 2204 629 2265 Sed
667 2212 852 2265 restat
885 2205 1037 2265 aliud
1068 2205 1244 2265 huius
1285 2204 1614 2266 traditionis
1640 2203 2116 2276 fundamentum,
2158 2203 2250 2265 cui
2287 2203 2440 2264 mul-

341 2298 466 2351 tum
488 2290 830 2363 tribuerunt,
854 2290 949 2368 qui
972 2308 1179 2368 parum
1201 2289 2046 2368 reputaverunt‚monumentis
2069 2288 2277 2349 artium
2302 2306 2444 2350 ean-

343 2375 476 2435 dem
507 2374 687 2447 illam‚
732 2393 907 2453 quam
936 2373 1334 2435 monumentis
1362 2374 1712 2448 litterarum,
1755 2381 1936 2435 artem
1979 2374 2237 2435 criticam
2276 2373 2444 2434 adhi-

343 2459 591 2520 bendam
619 2478 770 2519 esse.
829 2460 1034 2520 Exstat
1056 2459 1209 2519 enim
1241 2459 1305 2519 in
1325 2460 1527 2520 Museo
1552 2459 1926 2536 Neapolitano
1946 2460 2003 2535 ³)
2035 2457 2446 2536 anaglyphum,

346 2545 502 2622 quod
536 2544 863 2623 Caryatidas
894 2550 1306 2622 repraesentat,
1339 2543 1484 2605 duas
1516 2543 1843 2622 epistylium
1874 2550 2289 2615 sustentanteS‚
2324 2549 2443 2603 ter-

341 2628 483 2689 tiam
517 2627 577 2688 in
609 2628 799 2689 medio
833 2627 1188 2689 assidentem
1218 2628 1382 2689 humi
1413 2636 1472 2688 et
1501 2627 1852 2688 moestitiam
1883 2646 2026 2705 prae
2059 2646 2121 2688 se
2148 2628 2446 2699 ferentem,

351 2711 560 2791 quibus
592 2713 793 2791 figuris
825 2713 1017 2773 addita
1050 2719 1141 2773 est
1172 2713 1477 2791 inscriptio
1509 2713 1680 2773 haec:
1731 2711 1872 2772 ΤΗ
1894 2709 2301 2772 ΕΛΛΛΔΙ
2332 2709 2448 2772 ΤΟ

357 2795 845 2859 ΤΡΟΠΑΙΟΝ
883 2796 998 2858 ΕΣ
1006 2796 1137 2857 TA
1146 2795 1283 2857 ΘΗ
1320 2797 1464 2857 KA
1476 2793 2035 2858 ΤΛΝΙΚΗΘΕΝ
2039 2792 2227 2856 ΤΩΝ
2271 2792 2451 2855 KA-

349 2880 539 2942 PYA
553 2879 752 2942 ΤΩΝ.
800 2881 965 2961 Opus
997 2881 1207 2941 affabre
1238 2880 1529 2960 sculptum
1562 2888 1654 2941 est
1679 2887 1736 2941 et
1760 2880 1887 2940 sine
1917 2879 2097 2941 dubio
2124 2879 2447 2958 antiquum.

347 2966 427 3026 De
455 2966 623 3027 titulo
650 2973 842 3028 autem
873 2966 1174 3044 inscripto,
1206 2983 1376 3043 quem
1403 2966 1658 3043 primum
1690 2985 1739 3026 a.
1772 2965 1933 3029 1607
1963 2965 2207 3044 protulit
2227 2964 2452 3044 Capac-

349 3050 473 3111 cius
513 3052 572 3112 in
603 3051 836 3129 Antiqq.
876 3058 934 3112 et
961 3050 1179 3111 Histor.
1212 3049 1451 3130 Neapol.
1494 3069 1543 3111 c.
1574 3050 1734 3111 XXII
1772 3054 1890 3129 (ap.
1921 3050 2239 3111 Burmann.
2273 3050 2449 3110 Thes,

349 3135 583 3213 Antiqq.
630 3142 686 3196 et
714 3135 931 3198 Histor.
970 3135 1163 3196 Italiae
1193 3135 1362 3195 Tom.
1392 3135 1500 3207 IX,
1533 3136 1591 3207 2,
1625 3155 1683 3214 p.
1721 3135 1865 3209 194)
1898 3141 1955 3195 et
1984 3134 2190 3195 deinde
2221 3153 2292 3194 ex
2318 3134 2450 3195 loco

349 3219 444 3279 illo
478 3219 715 3280 Vitruvii
745 3220 1048 3281 illustravit
1075 3219 1400 3293 Reinesiu3‚
1441 3222 1754 3299 Syntagma
1782 3219 1964 3279 Inscr.
1995 3219 2187 3297 Antiq.
2219 3236 2276 3297 p.
2310 3218 2451 3293 284,

350 3303 632 3366 dubitavit
659 3305 917 3384 primum
948 3304 1235 3377 MaffeiuS,
1267 3306 1380 3365 Ars
1414 3305 1538 3364 crit.
1569 3302 1770 3382 Lapid.
1802 3322 1860 3382 p.
1896 3302 1973 3365 88
1992 3305 2084 3379 4),
2125 3303 2453 3364 conclama—

351 3397 560 3449 verunt
588 3389 815 3463 deinde,
848 3389 945 3467 qui
976 3388 1045 3449 de
1068 3388 1466 3468 Caryatidibus
1498 3389 1879 3466 scripserunt,
1910 3388 1981 3450 ad
2013 3406 2196 3449 unum
2228 3405 2455 3462 omneS,

351 3473 605 3553 exceptis
637 3474 868 3553 paucIS,
911 3474 983 3534 de
1014 3474 1223 3552 quibus
1257 3473 1508 3535 sufficiat
1536 3473 1878 3535 nominasse
1903 3474 2023 3535 Ios.
2053 3473 2455 3535 Parascando-

487 3671 535 3732 2)
571 3670 700 3721 Prae
726 3674 914 3723 ceteris
938 3689 987 3723 v.
1015 3672 1193 3722 Marini
1214 3673 1275 3723 ad
1301 3672 1503 3723 Vitruv.
1551 3670 1667 3721 Vol.
1693 3668 1732 3734 1,
1757 3684 1805 3736 p.
1832 3669 1880 3734 9,
1907 3670 1988 3736 qui
2011 3670 2184 3721 laudat
2205 3670 2352 3720 alios.

490 3737 537 3794 3)
577 3737 651 3790 Cf.
678 3740 807 3790 Mna.
844 3741 1112 3790 borbonico
1137 3739 1254 3790 Vol.
1274 3739 1344 3800 X,
1370 3739 1496 3789 Tav.
1522 3736 1658 3789 LIX.

489 3806 536 3858 4)
564 3806 657 3858 Ubi
682 3808 815 3858 inter
837 3808 937 3858 alia
962 3809 1107 3858 baec.
1150 3807 1446 3873 „Inscriptio
1471 3807 1688 3871 antiquis
1712 3805 1966 3871 trophaeis
1990 3804 2076 3854 vel
2102 3804 2260 3865 nulla,
2295 3805 2380 3855 vel
2405 3806 2455 3854 in

352 3874 534 3934 scutiS,
562 3874 709 3936 lignis
734 3873 930 3940 aliaque
954 3891 1125 3940 parum
1152 3875 1381 3925 diuturna
1408 3875 1617 3924 materia
1641 3880 1699 3923 ut
1723 3874 1983 3938 plurimum
2007 3873 2294 3935 designata,
2327 3873 2457 3923 nude

351 3948 449 4003 est,
475 3940 618 3990 buius
643 3945 845 4004 generis
863 3943 1061 3993 titulum
1086 3942 1148 3991 ab
1166 3943 1516 4008 antiquitatum
1543 3942 1909 3992 scrutatoribus
1931 3940 2119 3989 nullum
2137 3954 2348 4003 nuquam
2374 3955 2461 3990 re-

349 4016 549 4127 pertum
573 4023 707 4060 esse.
757 4010 1000 4062 GraecIae
1036 4026 1160 4061 vero
1187 4026 1279 4060 nec
1301 4016 1562 4075 tropaeum
1596 4024 1690 4059 nec
1712 4009 1847 4058 aliud
1873 4008 2119 4072 quidpiam
2143 4007 2360 4059 dicatum
2381 4023 2459 4059 mo

373 4091 524 4139 egere
548 4077 781 4128 meminif

2481 2588 2562 2628 398
