2867 4717
338 1050 390 1090 17

341 2899 394 2941 18

428 370 533 424 104
1142 368 1238 421 De
1285 366 1722 434 Praxiphane

427 527 499 588 de
527 525 885 586 carminibus
914 523 1240 604 pangendis
1271 523 1633 601 singulisque
1662 523 1854 601 poetis
1895 523 2276 584 mandaretur
2307 524 2546 604 discep-

426 610 589 683 tatio,
605 628 784 670 nemo
813 609 980 669 facile
1002 609 1216 669 infitias
1239 608 1429 682 iverit3
1459 625 1652 686 neque
1676 608 1735 667 in
1760 607 1875 668 hoc
1895 608 2186 687 quispiam
2211 609 2544 683 offenderit,

428 695 584 775 quod
603 694 906 755 Platonem
931 693 1185 753 Isocrate
1203 691 1565 752 familiariter
1585 699 1843 753 utentem
1865 693 2125 763 finxerat,
2152 711 2302 772 quos
2327 694 2544 754 duum-

425 779 583 839 viros
647 784 770 839 arta
832 776 1256 838 consuetudine
1317 776 1546 837 iunctos
1604 777 1794 836 fuisse
1855 794 1987 836 cum
2041 776 2229 855 ipsius
2282 778 2544 839 Platonis

427 863 727 924 Phaedrus
766 863 897 923 loco
937 862 1248 923 notissimo
1288 879 1347 939 p.
1387 860 1513 920 278
1551 867 1695 921 extr.
1734 861 2104 936 testificatur,
2145 868 2271 922 tum
2313 861 2546 923 aliunde

427 948 569 1009 satis
624 947 798 1007 bonis
848 944 1318 1020 testimoniis24)
1371 952 1564 1005 ratum
1618 953 1791 1024 atque
1842 946 2248 1007 confirmatum
2292 953 2397 1006 est.
2466 948 2545 1006 At

428 1032 726 1093 enimvero
767 1037 998 1091 constat
1036 1030 1186 1090 inter
1215 1028 1632 1107 Peripateticos
1674 1036 1732 1090 et
1759 1029 2073 1091 Isocratios
2113 1037 2231 1090 tam
2272 1030 2542 1091 acerbam

425 1116 563 1177 inde
602 1115 672 1175 ab
713 1115 861 1194 ipsis
899 1114 1203 1193 utriusque
1242 1113 1636 1182 successionis
1673 1113 2039 1192 principibus
2077 1115 2365 1175 exarsisse
2393 1132 2544 1175 con-

425 1201 745 1261 tentionem
808 1205 978 1278 atque
1034 1198 1424 1270 inimicitiam,
1486 1206 1549 1258 ut
1606 1198 2041 1276 Praxiphanem
2089 1198 2543 1277 Peripateticum

426 1285 579 1346 illius
617 1301 871 1363 persona
911 1302 1089 1344 usum
1129 1301 1259 1343 esse
1287 1282 1608 1361 permirum
1640 1282 1841 1361 utique
1867 1283 2157 1353 videatur,
2202 1301 2373 1362 quem
2414 1283 2546 1362 ipse

429 1368 768 1429 Aristoteles
820 1368 992 1428 etiam
1040 1367 1292 1428 dicteriis
1331 1366 1636 1428 lacessisse
1673 1367 2070 1441 tradatur25).
2139 1367 2328 1440 Quam
2370 1366 2544 1428 dubi-

427 1453 707 1514 tationem
737 1453 1007 1530 equidem
1037 1469 1157 1512 non
1188 1451 1352 1511 video
1384 1470 1501 1530 quo
1528 1453 1708 1513 modo
1734 1451 2054 1530 expediam,
2086 1452 2201 1512 nisi
2225 1452 2545 1512 Isocratem

430 1545 530 1598 aut
558 1537 635 1597 ita
666 1537 967 1597 inductum
1001 1555 1132 1596 esse
1162 1543 1518 1606 statuamus,
1559 1543 1624 1596 ut
1665 1537 1892 1597 decreta
1931 1536 2055 1597 eius
2095 1536 2544 1614 repudiarentur

429 1641 498 1687 ac
525 1620 919 1682 refellerentur
936 1623 960 1660 2
978 1622 1063 1696 6),
1104 1628 1202 1681 aut
1229 1620 1654 1698 Praxiphanem
1696 1620 2066 1698 suspicemur
2092 1621 2155 1681 in
2184 1621 2274 1680 his
2306 1620 2546 1680 liberio-

427 1723 553 1766 rem
583 1705 950 1784 disciplinam
982 1712 1245 1766 secutum
1279 1723 1437 1777 esse,
1479 1711 1543 1765 ut
1579 1704 1779 1765 missis
1810 1704 1963 1777 istis,
1995 1705 2206 1784 quibus
2239 1723 2344 1765 sua
2374 1711 2552 1783 atque⁴

431 1789 704 1869 opposita
743 1789 940 1849 schola
980 1807 1110 1849 sese
1147 1789 1391 1850 invicem
1431 1789 1761 1859 irritabant,
1799 1790 2218 1851 sententiarum
2261 1789 2544 1862 divortiis,

429 1874 558 1953 ipse
597 1874 772 1934 docto
814 1881 871 1932 et
911 1873 1139 1933 amabili
1180 1873 1320 1933 artis
1363 1873 1652 1933 oratoriae
1682 1873 1962 1950 magistro
1991 1881 2219 1934 tantum
2250 1873 2546 1946 tribueret,

426 1967 495 2019 ut
523 1976 657 2019 cum
689 1957 1046 2036 philosopho
1078 1957 1415 2029 reverendo,
1447 1957 1544 2036 qui
1576 1965 1633 2017 et
1661 1957 1789 2035 ipse
1817 1957 2051 2035 poetico
2082 1957 2361 2018 instinctu
2389 1959 2544 2018 fere-

427 2042 626 2115 batur,
659 2042 732 2101 de
763 2043 1086 2102 carminum
1116 2042 1343 2102 ratione
1373 2048 1431 2101 et
1460 2041 1919 2120 proprietatibus
1949 2042 2313 2120 singulorum
2337 2049 2550 2121 poeta-

429 2144 561 2191 rum
591 2126 1056 2186 confabulantem
1087 2126 1274 2186 facere
1303 2142 1423 2185 non
1459 2125 1764 2186 dubitaret.

599 2210 760 2271 Alius
810 2209 939 2269 libri
993 2209 1336 2270 memoriam
1391 2210 1637 2270 servavit
1687 2210 2065 2271 Philodemus
2110 2210 2431 2288 Epicureus
2483 2210 2544 2270 in

426 2293 757 2372 fragmento
787 2289 945 2373 περὶ
990 2286 1407 2377 ποιημάτων,
1442 2294 1600 2372 quod
1631 2313 1699 2353 ex
1730 2294 2129 2355 voluminibus
2153 2294 2547 2355 Herculanen-

429 2378 592 2446 sibus
623 2377 837 2439 Oxonii
866 2378 1077 2438 formis
1105 2379 1543 2457 lithographicis
1574 2379 1870 2457 expressis
1892 2396 2085 2456 nuper
2105 2379 2341 2439 Parisiis
2368 2378 2549 2439 edidit

426 2462 492 2527 F.
525 2462 897 2535 DuebneruS,
949 2481 1006 2540 p.
1054 2462 1158 2523 13:
1198 2457 1633 2545 Πραξιφάνης
1687 2453 1944 2546 &grapa
1995 2456 2114 2540 μέν
2162 2483 2313 2523 τινα
2365 2459 2546 2542 λέγει

429 2542 591 2624 περὶ
632 2543 752 2629 τῆς
793 2538 1028 2628 ἀρετῆς
1056 2540 1124 2607 ἐν
1151 2542 1248 2627 τῷ
1278 2541 1523 2628 πρώτῳ
1555 2541 1714 2627 περὶ
1743 2541 2163 2630 ποιημάτωνε
2199 2548 2356 2625 quod
2391 2564 2543 2626 opus

429 2649 501 2692 an
532 2631 684 2692 idem
714 2631 890 2692 fuerit
919 2649 1049 2691 cum
1082 2630 1376 2709 colloquio
1407 2630 1502 2692 illo
1527 2630 1788 2691 Platonis
1813 2639 1985 2710 atque
2006 2632 2281 2693 Isocratis
2305 2632 2367 2691 in
2387 2638 2544 2692 tanta

430 2715 752 2776 memoriae
784 2714 1137 2776 obscuritate
1167 2716 1367 2794 quaeri
1399 2714 1634 2793 quidem
1666 2722 1881 2793 potest,
1915 2716 2018 2776 sed
2049 2716 2204 2777 nulla
2236 2734 2369 2777 cum
2400 2734 2546 2794 pro-

429 2799 752 2873 babilitate,
794 2800 1138 2878 praesertim
1181 2818 1313 2860 cum
1345 2799 1496 2860 illius
1526 2800 1727 2860 aetatis
1761 2799 2079 2878 scriptores
2113 2807 2173 2861 et
2199 2801 2361 2861 libris
2390 2801 2544 2860 fera-

430 2884 652 2944 cissimi
683 2903 816 2944 esse
843 2885 1102 2944 solerent
1129 2892 1187 2943 et
1214 2885 1369 2944 idem
1399 2891 1807 2962 argumentum
1847 2885 2111 2962 pluribus
2144 2885 2365 2945 variare
2397 2883 2545 2945 scri-

427 2967 749 3047 ptionibus,
780 2968 952 3028 veluti
982 2968 1109 3046 ipse
1134 2967 1475 3028 Aristoteles
1504 2976 1562 3028 et
1592 2968 1664 3027 de
1692 2969 1917 3046 poetica
1948 2969 2185 3049 scripsit
2212 2975 2270 3030 et
2300 2970 2372 3029 de
2399 2988 2545 3048 poe·

428 3052 602 3112 matis
633 3059 692 3112 et
720 3052 792 3112 de
821 3052 1010 3130 poetis
1031 3054 1056 3092 2
1075 3051 1150 3129 ⁷).

564 3186 650 3250 24)
688 3187 948 3237 Dubitavit
981 3188 1041 3237 de
1076 3188 1168 3236 hac
1199 3186 1540 3237 familiaritate
1566 3187 1814 3255 Sauppius
1851 3190 1900 3239 in
1927 3188 2209 3239 Zimmerm.
2236 3186 2483 3238 Zeitscbr.
2507 3186 2543 3238 f.

428 3253 650 3304 Alterth.
681 3253 810 3304 1835
830 3272 878 3305 n.
901 3256 966 3304 50
987 3272 1032 3320 p.
1053 3255 1170 3318 407,
1193 3256 1281 3304 sed
1300 3257 1608 3318 argumentis
1628 3272 1800 3321 parum
1820 3258 2024 3320 idoneis,
2042 3272 2092 3307 v.
2113 3254 2174 3306 R.
2195 3255 2282 3306 Fr.
2298 3255 2544 3305 Hermann

428 3323 472 3401 ¹:
492 3337 534 3370 c.
561 3337 608 3389 p.
637 3320 733 3370 123
759 3323 952 3404 et'567.
1000 3322 1231 3403 Cytorum
1249 3323 1579 3405 memorabile
1604 3326 1935 3406 qqod'narrat
1958 3325 2101 3403 Diog.
2120 3323 2178 3374 L.
2203 3322 2296 3386 IV,
2333 3323 2363 3371 2
2384 3324 2545 3388 Speu-

429 3392 2197 3524 :¹3³zsstmffssffidffz‘ssffiz’fig‘:02‘35331‘1‘2532205335320‘153233323
2216 3405 2548 3523 {mm}

427 3523 688 3586 tinuerint,
711 3525 842 3573 unde
867 3525 1060 3574 dixeris
1086 3525 1306 3588 origines
1331 3525 1657 3591 epistolarum
1680 3526 2049 3576 Platonicorum
2083 3526 2387 3591 repetendas
2413 3540 2543 3588 esse,

425 3604 553 3657 ,quas
589 3590 717 3640 haud
755 3592 839 3640 diu
874 3600 989 3656 post
1019 3600 1230 3642 mortem
1262 3594 1490 3656 magistri
1523 3609 1551 3643 a
1578 3594 1820 3659 discipulo
1854 3596 2019 3659 aliquo
2052 3593 2139 3643 vel
2172 3591 2402 3642 familiari
2437 3592 2544 3642 eius

428 3659 590 3708 editas
616 3674 732 3708 esse
757 3674 885 3708 nunc
908 3659 1134 3726 plerique
1159 3667 1390 3721 censent,
1417 3677 1465 3710 v.
1488 3659 1550 3711 R.
1576 3661 1660 3711 Fr.
1689 3661 1997 3711 Hermannus
2022 3662 2057 3712 l.
2083 3678 2125 3712 c.
2151 3677 2197 3726 p.
2224 3660 2353 3722 424,
2387 3660 2469 3724 qui
2494 3665 2547 3709 et

427 3727 537 3792 ipse
561 3727 623 3775 de
650 3725 927 3792 Speusippo
954 3729 1154 3790 cogitat,
1180 3736 1232 3778 et
1258 3744 1465 3793 quorum
1489 3729 1669 3778 iudicia
1688 3730 1750 3778 ab
1775 3731 1950 3779 eodem
1972 3745 2021 3794 p.
2048 3729 2140 3778 591
2172 3727 2476 3790 allegantur.

565 3791 650 3855 25)
687 3792 750 3843 V.
777 3794 945 3844 Luzac
969 3795 1110 3845 lectt.
1137 3795 1243 3845 Att.
1269 3812 1316 3861 p.
1348 3796 1443 3845 117
1471 3811 1545 3860 sq.

566 3860 646 3923 26)
687 3860 789 3923 [Sic
815 3860 1105 3911 Heraclides
1131 3863 1368 3912 Ponticus
1402 3865 1451 3913 in
1487 3863 1736 3927 dialogum
1763 3863 1895 3931 περὶ
1917 3859 2124 3929 ἡδονῆς
2147 3863 2415 3928 Epicurum
2438 3877 2546 3911 κω-

427 3928 606 3995 μικῶς
629 3929 888 3978 induxisse
913 3926 1091 3993 fertur,
1115 3929 1258 3992 Diog.
1285 3929 1342 3979 L.
1369 3930 1432 3995 V,
1459 3930 1541 3993 88,
1567 3929 1630 3980 cf.
1654 3929 1867 3982 Rrische
1891 3933 1927 3981 l.
1953 3932 1987 3981 l.
2012 3947 2060 3996 p.
2089 3930 2223 3993 328.]

564 3994 648 4057 27)
684 3995 747 4047 V.
774 3996 868 4046 Ad.
895 3996 1049 4045 Stabr
1066 3998 1113 4046 in
1140 3996 1320 4046 Annal.
1347 3997 1648 4048 Halensibus
1672 4013 1718 4049 a.
1742 3998 1871 4049 1839
1890 4015 1972 4051 no.
1989 3999 2088 4048 207
2102 4014 2208 4065 sqq.
2247 3996 2353 4060 [Fr.
2378 3994 2553 4046 Ritter
