2867 4717
523 430 583 481 16
1227 428 1309 479 De
1342 428 1647 497 Aeschyli
1680 430 1909 481 Persis.

517 601 625 668 est,
667 594 987 656 secundum
1018 612 1192 673 quam
1224 612 1429 657 omnes
1460 614 1575 671 res,
1604 596 1801 674 quales
1831 601 1988 668 sunt,
2017 593 2162 657 tales
2191 600 2361 655 natae
2383 599 2538 667 sunt,
2565 600 2625 655 et

516 678 611 740 tali
633 678 901 741 feruntur
923 678 1220 753 nascendi,
1251 680 1497 754 vivendi,
1528 679 1853 742 intereundi
1876 698 2069 755 cursu,
2097 686 2165 741 ut
2186 686 2344 741 certo
2369 679 2624 758 quodam

517 763 877 843 singularum
917 784 985 826 ac
1016 764 1279 826 omnium
1322 766 1447 827 suis
1488 765 1897 837 occasionibus
1939 764 2401 844 contingentium
2453 781 2624 837 nexu,

517 856 577 910 et
605 849 878 911 continua
905 868 1209 911 causarum
1227 857 1284 910 et
1299 852 1610 912 effectuum
1627 869 1756 911 sese
1778 849 2023 911 invicem
2048 848 2452 928 excipientium
2480 865 2627 909 con·-

518 934 814 1015 sequentia
846 936 1270 996 contineantur.
1327 935 1426 997 Illa
1448 935 1542 996 lex
1565 936 1755 997 divina
1778 942 1886 1009 est,
1913 952 2022 1014 per
2046 952 2253 996 omnes
2276 934 2490 995 modos
2515 932 2627 994 sibi

519 1026 818 1094 constanS,
861 1039 972 1099 qua
1010 1019 1086 1080 ita
1125 1019 1404 1081 adornata
1444 1026 1502 1082 et
1540 1020 1843 1082 distributa
1882 1026 2022 1081 sunt
2058 1020 2282 1092 omnia,
2330 1025 2394 1080 ut
2431 1025 2627 1080 certus

521 1105 784 1167 omnium
814 1123 1012 1166 rerum
1043 1104 1176 1165 finis
1208 1100 1440 1182 (τέλος)
1475 1113 1533 1168 et
1561 1112 1830 1169 aeternus
1869 1105 2103 1183 quidam
2144 1105 2309 1178 ordo,
2339 1110 2399 1165 et
2428 1103 2627 1166 consi-

517 1191 658 1252 lium
689 1190 863 1270 (Sinn
891 1186 1063 1264 νοῦς)
1096 1189 1160 1251 in
1187 1189 1259 1251 iis
1281 1198 1580 1252 cernatur.
1638 1192 1721 1252 Ea
1745 1190 2071 1268 funguntur
2110 1190 2376 1263 Coelites‚
2418 1188 2629 1268 optimi

519 1275 773 1350 maximi,
803 1276 1018 1356 quippe
1050 1276 1147 1354 qui
1177 1282 1475 1337 aeternum
1506 1276 1643 1337 illud
1678 1276 1987 1337 consilium
2026 1282 2313 1337 noverunt
2352 1281 2526 1352 atque
2567 1272 2631 1334 id

519 1360 759 1440 exsequi
789 1362 992 1421 volunt
1029 1368 1088 1421 et
1127 1361 1455 1439 valent49).
1523 1361 1806 1423 Homines
1848 1367 2040 1422 autem
2090 1360 2234 1422 tales
2286 1361 2632 1432 nascuntur,

440 1472 492 1510 33
523 1446 621 1527 qui
651 1445 830 1507 altera
864 1466 932 1507 ex
962 1453 1126 1525 parte
1155 1445 1520 1507 naturalibus
1561 1446 1688 1508 istis
1731 1445 2169 1508 conditionibus
2211 1444 2449 1506 obnoxii
2488 1444 2629 1516 sint,

520 1532 694 1593 altera
727 1550 862 1593 vero
893 1552 963 1593 ex
992 1538 1156 1611 parte
1183 1531 1327 1593 tales
1359 1538 1700 1606 nascuntur,
1743 1538 1806 1592 ut
1836 1551 1900 1592 se
1928 1531 2153 1592 ratione
2182 1539 2351 1610 atque
2381 1528 2632 1590 consilio

520 1617 793 1697 et.ipsos
833 1618 1128 1696 praeditos
1180 1624 1237 1678 et
1275 1615 1501 1678 divinae
1544 1625 1784 1679 naturae
1828 1616 2265 1696 quodammodo
2318 1614 2633 1694 participes

520 1720 651 1763 esse
684 1702 888 1764 sciant.
951 1702 1134 1781 Igitur
1171 1708 1229 1763 et
1258 1700 1645 1775 instrumenta
1678 1708 1835 1775 sunt,
1874 1701 2119 1763 eundem
2161 1702 2222 1761 in
2263 1700 2525 1773 modum,
2564 1705 2636 1760 ut

522 1795 742 1849 ceterae
773 1806 866 1848 res
896 1786 1205 1861 naturaleS‚
1248 1787 1458 1867 quibus
1500 1794 1745 1851 utuntur
1773 1787 1859 1849 Dii
1891 1788 1959 1848 ad
1990 1786 2049 1847 id
2080 1786 2239 1865 quod
2267 1785 2380 1846 Fas
2423 1791 2480 1846 et
2509 1783 2635 1845 Bo-

519 1892 662 1934 num
694 1880 784 1935 est
813 1873 1275 1952 exsequendum3
1314 1879 1371 1933 et
1408 1873 1500 1934 sui
1531 1874 1749 1935 conscii
1780 1880 1917 1934 sunt
1954 1879 2023 1935 ut
2049 1871 2269 1944 talium,
2312 1869 2411 1949 qui
2457 1869 2636 1931 certis

524 1958 785 2020 consiliis
819 1958 1028 2037 aliquid
1054 1958 1198 2020 ⁴velle
1228 1957 1443 2035 (νοεῖν)
1476 1965 1533 2019 et
1568 1959 1625 2019 id
1657 1965 1845 2021 ratum
1884 1958 2072 2019 facere
2111 1950 2442 2035 (τελειοῦν)
2481 1973 2637 2034 pos·-

521 2044 658 2104 sint.
718 2044 887 2116 Quod
921 2043 970 2103 si
999 2043 1056 2104 id
1086 2043 1276 2104 facere
1297 2043 1517 2118 volunt,
1548 2044 1702 2123 quod
1728 2043 1837 2104 diis
1862 2043 2161 2122 probatur,
2193 2042 2229 2102 i.
2253 2062 2303 2103 e.
2336 2040 2492 2121 quod
2514 2039 2633 2101 Fas

521 2136 579 2189 et
606 2127 837 2189 Bonum
870 2133 978 2201 est,
1009 2135 1134 2189 tum
1166 2147 1235 2188 ex
1265 2128 1512 2189 naturali
1541 2128 1653 2189 ista
1682 2128 2024 2190 necessitate
2064 2127 2300 2198 exemti,
2343 2142 2636 2187 consum-

520 2221 674 2274 mata
702 2212 961 2274 libertate
991 2220 1048 2273 et
1074 2221 1352 2292 tanquam
1385 2213 1681 2275 divinitate
1712 2212 1849 2274 olim
1882 2212 2231 2291 gaudebunt.
2301 2211 2405 2272 Sin
2434 2217 2634 2272 autem

523 2297 582 2358 id
617 2298 773 2376 quod
807 2297 885 2359 dii
918 2297 1136 2372 volunt,
1168 2298 1282 2377 ipsi
1312 2298 1537 2372 nolunt,
1579 2306 1708 2359 tum
1747 2298 1807 2359 in
1846 2297 2255 2358 necessitatem
2296 2296 2465 2356 istam
2498 2313 2638 2357 cae-

524 2401 650 2443 cam
681 2382 926 2444 instricti
960 2390 1017 2443 et
1045 2401 1293 2463 prorsus
1324 2382 1601 2462 implicati
1629 2382 2186 2463 pessumdabantun
2226 2387 2283 2442 et
2326 2380 2635 2441 miserabi-

442 2495 496 2534 34
522 2468 605 2528 les
634 2468 1086 2544 interibunt50).
1147 2470 1313 2541 Quae
1343 2468 1420 2530 sit
1448 2467 1543 2529 illa
1577 2477 1776 2530 sancta
1805 2467 2142 2541 necessitas,
2181 2465 2273 2527 illa
2301 2464 2392 2525 lex
2423 2464 2640 2539 divina,

527 2571 696 2631 quam
731 2553 932 2614 volunt
962 2552 1056 2627 dii,
1098 2553 1215 2614 hoc
1251 2570 1374 2614 non
1408 2553 1600 2614 solum
1632 2572 1700 2613 ex
1732 2554 1860 2633 ipsa
1890 2559 2110 2625 natura,
2140 2569 2285 2630 quae
2313 2549 2468 2610 illam
2501 2568 2641 2610 om-

521 2638 694 2699 nibus
725 2638 917 2699 modis
958 2656 1094 2716 prae
1135 2657 1197 2698 se
1237 2638 1369 2715 fert,
1409 2638 1498 2698 vel
1536 2658 1604 2698 ex
1644 2656 1748 2699 sua
1785 2639 2051 2716 ipsorum
2093 2638 2338 2708 ratione,
2384 2653 2529 2713 quae
2575 2653 2641 2695 se

522 2723 737 2783 aeterni
768 2722 916 2783 illius
950 2723 1176 2784 consilii
1207 2723 1550 2802 participem
1581 2722 1763 2794 novit,
1794 2723 2111 2801 intelligere
2141 2729 2258 2795 est3
2288 2738 2488 2781 verum
2521 2718 2641 2799 ipsi

522 2807 694 2868 etiam
727 2808 824 2880 dii,
857 2826 1002 2887 quae
1034 2826 1237 2869 eorum
1273 2808 1574 2869 clementia
1605 2814 1713 2882 est,
1743 2807 2143 2887 frequentibus
2172 2805 2398 2867 indiciis
2419 2801 2547 2882 ⁵⁰b)
2581 2804 2639 2865 id

525 2892 683 2970 quod
710 2893 821 2952 Fas
854 2900 946 2953 est
975 2894 1352 2954 manifestum
1382 2893 1705 2967 reddidere,
1745 2911 1890 2971 quae
1931 2899 2060 2953 tum
2091 2892 2151 2953 in
2182 2890 2391 2969 priscis
2419 2889 2534 2951 illis
2565 2890 2641 2951 de

525 2976 637 3037 diis
669 2984 840 3055 atque
868 2977 1146 3039 heroibus
1176 2978 1390 3057 mythis
1422 2978 1661 3052 sanctiS,
1691 2985 1815 3039 tum
1848 2977 1908 3038 in
1938 2977 2093 3039 cultu
2121 2975 2376 3055 publico,
2415 2983 2542 3037 tum
2576 2974 2639 3035 in

525 3142 655 3191 mide
684 3158 728 3207 p.
750 3140 832 3192 34.
861 3150 912 3193 et
937 3147 998 3197 de
1022 3145 1192 3196 Parcis
1215 3145 1314 3210 36„
1340 3146 1673 3209 Blumnerum‚
1699 3146 1780 3213 qui
1808 3162 1856 3211 p.
1880 3145 1977 3195 164
2004 3161 2077 3212 sq.
2102 3146 2163 3195 de
2183 3160 2259 3210 eo,
2285 3146 2411 3211 quod
2431 3144 2636 3195 Aristo-

524 3209 615 3260 teli
638 3206 791 3260 fatum
830 3209 999 3277 fuerit,
1033 3214 1287 3278 ingeniose
1313 3214 1536 3264 disserit.

665 3278 749 3341 49)
779 3278 851 3329 De
876 3282 1086 3346 ratione,
1113 3297 1238 3347 quae
1264 3283 1375 3347 diis,
1402 3282 1688 3332 nominatim
1716 3281 1830 3332 Jovi
1858 3296 1966 3331 cum
1988 3279 2092 3331 fato
2119 3281 2482 3344 intercesserit,
2510 3280 2637 3329 haud

525 3352 757 3397 constant
781 3348 1085 3411 singulorum
1110 3348 1433 3415 Graecorum,
1461 3349 1637 3416 quibus
1663 3351 1723 3400 de
1747 3349 1839 3400 'tali
1864 3365 1920 3399 re
1946 3349 2144 3414 aliquod
2172 3348 2411 3412 judicium
2440 3363 2639 3413 compe-

523 3415 603 3476 tit,
630 3416 931 3467 sententiae.
973 3418 1144 3485 Neque
1181 3434 1304 3470 vero
1333 3419 1378 3468 id
1407 3420 1599 3482 mirum,
1626 3418 1853 3484 quoniam
1872 3418 2001 3483 quod
2027 3431 2201 3466 verum
2226 3423 2307 3466 est
2332 3417 2426 3466 nisi
2454 3416 2639 3465 sensim

502 3498 621 3531 ·non
646 3484 915 3548 reperitur.
975 3485 1109 3551 Quas
1135 3488 1414 3537 sententias
1448 3488 1680 3551 deinceps
1715 3500 1985 3536 recensere
2018 3493 2165 3550 atque
2191 3484 2252 3534 ad
2288 3491 2456 3535 certas
2482 3484 2641 3534 ratio-

523 3565 631 3614 neS‚
658 3553 818 3616 quoad
842 3554 952 3617 ejus
977 3554 1086 3605 fieri
1109 3556 1310 3621 poterit,
1338 3570 1598 3619 revocare,
1626 3560 1678 3603 et
1695 3553 2105 3618 jucundissimum
2126 3559 2178 3602 et
2195 3553 2258 3603 ad
2278 3568 2469 3603 omnem
2488 3567 2638 3616 grae-

523 3634 611 3668 cae
651 3619 910 3683 religionis
938 3624 1176 3673 rationem
1204 3624 1548 3673 illustrandam
1575 3622 1893 3672 utilissimum
1922 3622 2036 3671 erit.
2084 3621 2157 3671 De
2177 3621 2449 3687 Aeschylo,
2477 3620 2559 3686 qui
2582 3625 2640 3668 ut

524 3688 708 3737 ceteris
741 3690 980 3754 partibus,
1023 3692 1095 3741 ita
1140 3693 1230 3741 hac
1262 3693 1410 3742 etiam
1446 3691 1591 3741 facile
1624 3690 1860 3756 princeps
1895 3696 1989 3750 est,
2022 3705 2073 3740 v.
2106 3686 2330 3738 Rlausen
2373 3689 2525 3739 theol.
2554 3686 2634 3735 65.

524 3753 826 3871 guam-quam
845 3773 971 3824 quae
992 3775 1039 3825 p.
1059 3758 1141 3809 37.
1164 3760 1500 3825 disseruntur,
1528 3774 1586 3809 ea
1608 3758 1837 3824 equidem
1858 3757 2134 3823 speciosius
2155 3771 2299 3823 quam
2316 3756 2487 3807 verius
2508 3755 2638 3805 dicta

559 3838 754 3874 ixei-im.

661 3892 743 3956 50)
773 3895 997 3963 Μίμνει
1019 3896 1092 3963 μί
1135 3910 1330 3951 νοντος
1361 3892 1421 3946 ἐν
1437 3891 1630 3964 χρόνῳ
1666 3890 1807 3950 Διὸς
1839 3895 2051 3945 παθεῖν
2082 3887 2181 3943 τὸν
2225 3890 2468 3962 ἔρξαντα·
2505 3888 2639 3941 θέο·-

523 3974 660 4027 μιον
683 3956 809 4032 γάρ.
856 3962 951 4026 Ag.
980 3962 1076 4011 156
1116 4000 1128 4013 .
1155 3990 1222 3999 —
1249 3961 1323 4012 Cf.
1348 3960 1572 4013 I‘ilausen
1601 3962 1754 4013 theol.
1781 3961 1847 4011 84
1872 3977 1945 4044 sq.
2257 3975 2266 3984 ·

528 4096 569 4147 H
665 4029 781 4145 30b)
810 4027 950 4093 δῆλα
974 4027 1043 4098 δὴ
1069 4030 1332 4082 πολλοῖσι
1356 4031 1714 4102 τεκμηρίοισί
1734 4028 1854 4082 ἔστι
1877 4046 1945 4079 τα
1970 4030 2101 4080 θεῖα
2134 4026 2242 4079 τῶν
2277 4019 2635 4099 πρηγμάτων.

573 4111 659 4147 ero
701 4134 713 4146 .
