<?xml version="1.0" encoding="UTF-8"?>
<!DOCTYPE html PUBLIC "-//W3C//DTD XHTML 1.0 Transitional//EN"
    "http://www.w3.org/TR/xhtml1/DTD/xhtml1-transitional.dtd">
<html xmlns="http://www.w3.org/1999/xhtml" xml:lang="en" lang="en">
 <head>
  <title>
</title>
<meta http-equiv="Content-Type" content="text/html;charset=utf-8" />
  <meta name='ocr-system' content='tesseract 3.04.00' />
  <meta name='ocr-capabilities' content='ocr_page ocr_carea ocr_par ocr_line ocrx_word'/>
</head>
<body>
  <div class='ocr_page' id='page_1' title='image "./ausgewhlteaufst01khgoog_0050.png"; bbox 0 0 2867 4717; ppageno 0'>
   <div class='ocr_carea' id='block_1_1' title="bbox 1036 411 2389 473">
    <p class='ocr_par' dir='ltr' id='par_1_1' title="bbox 1036 411 2389 473">
     <span class='ocr_line' id='line_1_1' title="bbox 1036 411 2389 473; baseline 0.007 -9"><span class='ocrx_word' id='word_1_1' title='bbox 1036 411 1266 464; x_wconf 75' lang='lat' dir='ltr'>Lesbio</span> <span class='ocrx_word' id='word_1_2' title='bbox 1300 413 1630 468; x_wconf 80' lang='lat' dir='ltr'>historico.</span> <span class='ocrx_word' id='word_1_3' title='bbox 2325 421 2389 473; x_wconf 76' lang='lat'>³¹1</span> 
     </span>
    </p>
   </div>
   <div class='ocr_carea' id='block_1_2' title="bbox 271 579 2394 1177">
    <p class='ocr_par' dir='ltr' id='par_1_2' title="bbox 271 579 2394 1177">
     <span class='ocr_line' id='line_1_2' title="bbox 282 579 2392 663; baseline 0.003 -22"><span class='ocrx_word' id='word_1_4' title='bbox 282 579 506 642; x_wconf 77' lang='lat' dir='ltr'>ditione</span> <span class='ocrx_word' id='word_1_5' title='bbox 532 581 811 643; x_wconf 84' lang='lat' dir='ltr'>adversus</span> <span class='ocrx_word' id='word_1_6' title='bbox 841 581 1124 663; x_wconf 82' lang='lat' dir='ltr'><strong>Dryopes.</strong></span> <span class='ocrx_word' id='word_1_7' title='bbox 1177 582 1462 661; x_wconf 85' lang='lat' dir='ltr'>Superest</span> <span class='ocrx_word' id='word_1_8' title='bbox 1487 579 1654 644; x_wconf 87' lang='lat' dir='ltr'>locus</span> <span class='ocrx_word' id='word_1_9' title='bbox 1683 598 1791 661; x_wconf 89' lang='lat' dir='ltr'>per</span> <span class='ocrx_word' id='word_1_10' title='bbox 1810 601 1877 645; x_wconf 87' lang='lat' dir='ltr'>se</span> <span class='ocrx_word' id='word_1_11' title='bbox 1898 584 2310 661; x_wconf 86' lang='lat' dir='ltr'>memorabilis,</span> <span class='ocrx_word' id='word_1_12' title='bbox 2340 586 2392 649; x_wconf 85' lang='lat' dir='ltr'>si</span> 
     </span>
     <span class='ocr_line' id='line_1_3' title="bbox 281 666 2388 752; baseline 0.003 -25"><span class='ocrx_word' id='word_1_13' title='bbox 281 673 616 728; x_wconf 86' lang='lat' dir='ltr'>contextum</span> <span class='ocrx_word' id='word_1_14' title='bbox 649 685 890 746; x_wconf 80' lang='lat' dir='ltr'>quaeras</span> <span class='ocrx_word' id='word_1_15' title='bbox 924 686 1039 746; x_wconf 91' lang='lat' dir='ltr'>quo</span> <span class='ocrx_word' id='word_1_16' title='bbox 1073 668 1132 729; x_wconf 92' lang='lat' dir='ltr'>in</span> <span class='ocrx_word' id='word_1_17' title='bbox 1160 666 1501 729; x_wconf 88' lang='lat' dir='ltr'>Phoronide</span> <span class='ocrx_word' id='word_1_18' title='bbox 1528 667 1712 730; x_wconf 91' lang='lat' dir='ltr'>lectus</span> <span class='ocrx_word' id='word_1_19' title='bbox 1741 668 1917 730; x_wconf 87' lang='lat' dir='ltr'>fuerit</span> <span class='ocrx_word' id='word_1_20' title='bbox 1946 668 2255 745; x_wconf 81' lang='lat' dir='ltr'>obscuruS,</span> <span class='ocrx_word' id='word_1_21' title='bbox 2296 690 2388 752; x_wconf 90' lang='lat' dir='ltr'>ap.</span> 
     </span>
     <span class='ocr_line' id='line_1_4' title="bbox 279 742 2394 840; baseline 0.004 -29"><span class='ocrx_word' id='word_1_22' title='bbox 279 751 473 813; x_wconf 86' lang='lat' dir='ltr'>Procl.</span> <span class='ocrx_word' id='word_1_23' title='bbox 517 752 587 814; x_wconf 91' lang='lat' dir='ltr'>ad</span> <span class='ocrx_word' id='word_1_24' title='bbox 618 752 857 813; x_wconf 89' lang='lat' dir='ltr'>Hesiod.</span> <span class='ocrx_word' id='word_1_25' title='bbox 901 772 959 832; x_wconf 90' lang='lat' dir='ltr'>p.</span> <span class='ocrx_word' id='word_1_26' title='bbox 1016 752 1183 814; x_wconf 83' lang='grc'>1411)</span> <span class='ocrx_word' id='word_1_27' title='bbox 1221 742 1388 812; x_wconf 82' lang='grc' dir='ltr'><strong><em>Ἓλλ.</em></strong></span> <span class='ocrx_word' id='word_1_28' title='bbox 1434 745 1504 814; x_wconf 77' lang='grc' dir='ltr'>ἐν</span> <span class='ocrx_word' id='word_1_29' title='bbox 1548 746 1882 836; x_wconf 79' lang='grc' dir='ltr'><em>Φορωνίδι</em></span> <span class='ocrx_word' id='word_1_30' title='bbox 1926 745 2066 816; x_wconf 66' lang='grc' dir='ltr'>ἀπὸ</span> <span class='ocrx_word' id='word_1_31' title='bbox 2104 747 2394 840; x_wconf 80' lang='grc' dir='ltr'><strong><em>Ὀρφέως</em></strong></span> 
     </span>
     <span class='ocr_line' id='line_1_5' title="bbox 277 825 2389 920; baseline 0.002 -22"><span class='ocrx_word' id='word_1_32' title='bbox 277 831 486 920; x_wconf 81' lang='grc' dir='ltr'><strong><em>φησὶν</em></strong></span> <span class='ocrx_word' id='word_1_33' title='bbox 537 825 707 898; x_wconf 81' lang='grc' dir='ltr'><strong><em>εἶναι</em></strong></span> <span class='ocrx_word' id='word_1_34' title='bbox 758 833 873 899; x_wconf 80' lang='grc' dir='ltr'>τὸν</span> <span class='ocrx_word' id='word_1_35' title='bbox 918 829 1260 914; x_wconf 58' lang='grc' dir='ltr'><strong><em>(Ησίοδον,</em></strong></span> <span class='ocrx_word' id='word_1_36' title='bbox 1307 856 1425 917; x_wconf 91' lang='lat' dir='ltr'>quo</span> <span class='ocrx_word' id='word_1_37' title='bbox 1471 837 1610 899; x_wconf 87' lang='lat' dir='ltr'>facit</span> <span class='ocrx_word' id='word_1_38' title='bbox 1649 840 1807 917; x_wconf 88' lang='lat' dir='ltr'>quod</span> <span class='ocrx_word' id='word_1_39' title='bbox 1849 839 2005 900; x_wconf 91' lang='lat' dir='ltr'>idem</span> <span class='ocrx_word' id='word_1_40' title='bbox 2048 848 2255 903; x_wconf 84' lang='lat' dir='ltr'>auctor</span> <span class='ocrx_word' id='word_1_41' title='bbox 2293 843 2389 904; x_wconf 81' lang='lat' dir='ltr'>vit.</span> 
     </span>
     <span class='ocr_line' id='line_1_6' title="bbox 276 921 2389 1007; baseline 0.003 -25"><span class='ocrx_word' id='word_1_42' title='bbox 276 921 454 982; x_wconf 82' lang='lat' dir='ltr'>Hom.</span> <span class='ocrx_word' id='word_1_43' title='bbox 488 940 546 1001; x_wconf 88' lang='lat' dir='ltr'>p.</span> <span class='ocrx_word' id='word_1_44' title='bbox 574 922 696 983; x_wconf 86' lang='grc'>466</span> <span class='ocrx_word' id='word_1_45' title='bbox 720 922 898 983; x_wconf 83' lang='lat' dir='ltr'>Gaisf.</span> <span class='ocrx_word' id='word_1_46' title='bbox 929 923 1286 984; x_wconf 89' lang='lat' dir='ltr'>Hellanicum</span> <span class='ocrx_word' id='word_1_47' title='bbox 1310 929 1557 984; x_wconf 87' lang='lat' dir='ltr'>testatur</span> <span class='ocrx_word' id='word_1_48' title='bbox 1585 942 1716 985; x_wconf 92' lang='lat' dir='ltr'>cum</span> <span class='ocrx_word' id='word_1_49' title='bbox 1741 923 2012 986; x_wconf 84' lang='lat' dir='ltr'>Damaste</span> <span class='ocrx_word' id='word_1_50' title='bbox 2040 933 2210 1007; x_wconf 87' lang='lat' dir='ltr'>atque</span> <span class='ocrx_word' id='word_1_51' title='bbox 2235 926 2389 988; x_wconf 88' lang='lat' dir='ltr'>Phe-</span> 
     </span>
     <span class='ocr_line' id='line_1_7' title="bbox 274 1006 2393 1087; baseline 0.003 -20"><span class='ocrx_word' id='word_1_52' title='bbox 274 1006 488 1085; x_wconf 79' lang='lat' dir='ltr'>recyde</span> <span class='ocrx_word' id='word_1_53' title='bbox 526 1026 708 1085; x_wconf 83' lang='lat' dir='ltr'>genus</span> <span class='ocrx_word' id='word_1_54' title='bbox 740 1008 981 1070; x_wconf 87' lang='lat' dir='ltr'>Homeri</span> <span class='ocrx_word' id='word_1_55' title='bbox 1019 1008 1091 1069; x_wconf 92' lang='lat' dir='ltr'>ad</span> <span class='ocrx_word' id='word_1_56' title='bbox 1130 1008 1431 1087; x_wconf 85' lang='lat' dir='ltr'>Orpheum</span> <span class='ocrx_word' id='word_1_57' title='bbox 1475 1008 1882 1085; x_wconf 55' lang='lat' dir='ltr'>retulissem.</span> <span class='ocrx_word' id='word_1_58' title='bbox 1950 1010 2096 1071; x_wconf 88' lang='lat' dir='ltr'>Rem</span> <span class='ocrx_word' id='word_1_59' title='bbox 2137 1011 2393 1073; x_wconf 85' lang='lat' dir='ltr'>excussit</span> 
     </span>
     <span class='ocr_line' id='line_1_8' title="bbox 271 1091 2390 1177; baseline 0.003 -26"><span class='ocrx_word' id='word_1_60' title='bbox 271 1091 515 1152; x_wconf 88' lang='lat' dir='ltr'>Lobeck</span> <span class='ocrx_word' id='word_1_61' title='bbox 565 1092 624 1153; x_wconf 90' lang='lat' dir='ltr'>in</span> <span class='ocrx_word' id='word_1_62' title='bbox 676 1093 1075 1173; x_wconf 87' lang='lat' dir='ltr'>Aglaophamo</span> <span class='ocrx_word' id='word_1_63' title='bbox 1128 1112 1186 1172; x_wconf 91' lang='lat' dir='ltr'>p.</span> <span class='ocrx_word' id='word_1_64' title='bbox 1234 1092 1499 1174; x_wconf 81' lang='lat' dir='ltr'>322sqq.</span> <span class='ocrx_word' id='word_1_65' title='bbox 1558 1094 1648 1173; x_wconf 86' lang='lat' dir='ltr'>[cf.</span> <span class='ocrx_word' id='word_1_66' title='bbox 1698 1094 1964 1157; x_wconf 87' lang='lat' dir='ltr'>Welcker</span> <span class='ocrx_word' id='word_1_67' title='bbox 2002 1096 2154 1177; x_wconf 81' lang='lat' dir='ltr'>Cycl.</span> <span class='ocrx_word' id='word_1_68' title='bbox 2202 1115 2293 1176; x_wconf 89' lang='lat' dir='ltr'>ep.</span> <span class='ocrx_word' id='word_1_69' title='bbox 2346 1098 2390 1171; x_wconf 92' lang='grc' dir='ltr'>Ι,</span> 
     </span>
    </p>
   </div>
   <div class='ocr_carea' id='block_1_3' title="bbox 274 1177 670 1257">
    <p class='ocr_par' dir='ltr' id='par_1_3' title="bbox 274 1177 670 1257">
     <span class='ocr_line' id='line_1_9' title="bbox 274 1177 670 1257; baseline 0 -21"><span class='ocrx_word' id='word_1_70' title='bbox 274 1195 338 1257; x_wconf 88' lang='lat' dir='ltr'>p.</span> <span class='ocrx_word' id='word_1_71' title='bbox 381 1177 501 1238; x_wconf 85' lang='lat'>147</span> <span class='ocrx_word' id='word_1_72' title='bbox 520 1179 670 1257; x_wconf 88' lang='lat' dir='ltr'>sqq.]</span> 
     </span>
    </p>
   </div>
   <div class='ocr_carea' id='block_1_4' title="bbox 1122 1328 1542 1383">
    <p class='ocr_par' dir='ltr' id='par_1_4' title="bbox 1122 1328 1542 1383">
     <span class='ocr_line' id='line_1_10' title="bbox 1122 1328 1542 1383; baseline 0 -2"><span class='ocrx_word' id='word_1_73' title='bbox 1122 1347 1166 1383; x_wconf 87' lang='lat' dir='ltr'>c.</span> <span class='ocrx_word' id='word_1_74' title='bbox 1200 1328 1385 1382; x_wconf 85' lang='lat' dir='ltr'>Atlan</span> <span class='ocrx_word' id='word_1_75' title='bbox 1400 1328 1542 1382; x_wconf 81' lang='lat' dir='ltr'>tias.</span> 
     </span>
    </p>
   </div>
   <div class='ocr_carea' id='block_1_5' title="bbox 261 1430 2465 3215">
    <p class='ocr_par' dir='ltr' id='par_1_5' title="bbox 261 1430 2465 3215">
     <span class='ocr_line' id='line_1_11' title="bbox 445 1430 2388 1515; baseline 0.002 -21"><span class='ocrx_word' id='word_1_76' title='bbox 445 1434 529 1495; x_wconf 90' lang='lat' dir='ltr'>De</span> <span class='ocrx_word' id='word_1_77' title='bbox 558 1432 800 1494; x_wconf 88' lang='lat' dir='ltr'>nomine</span> <span class='ocrx_word' id='word_1_78' title='bbox 829 1432 1153 1508; x_wconf 88' lang='lat' dir='ltr'>dubitatur,</span> <span class='ocrx_word' id='word_1_79' title='bbox 1180 1452 1232 1495; x_wconf 78' lang='lat' dir='ltr'>v,</span> <span class='ocrx_word' id='word_1_80' title='bbox 1252 1430 1604 1494; x_wconf 87' lang='lat' dir='ltr'>Valckenaer</span> <span class='ocrx_word' id='word_1_81' title='bbox 1632 1432 1703 1494; x_wconf 90' lang='lat' dir='ltr'>ad</span> <span class='ocrx_word' id='word_1_82' title='bbox 1737 1433 1933 1495; x_wconf 90' lang='lat' dir='ltr'>Schol.</span> <span class='ocrx_word' id='word_1_83' title='bbox 1962 1434 2162 1515; x_wconf 90' lang='lat' dir='ltr'>Eurip.</span> <span class='ocrx_word' id='word_1_84' title='bbox 2193 1436 2388 1498; x_wconf 90' lang='lat' dir='ltr'>Phoe-</span> 
     </span>
     <span class='ocr_line' id='line_1_12' title="bbox 265 1518 2386 1601; baseline 0 -20"><span class='ocrx_word' id='word_1_85' title='bbox 265 1519 421 1581; x_wconf 78' lang='lat' dir='ltr'>niSS.</span> <span class='ocrx_word' id='word_1_86' title='bbox 446 1538 504 1597; x_wconf 92' lang='lat' dir='ltr'>p.</span> <span class='ocrx_word' id='word_1_87' title='bbox 520 1518 594 1579; x_wconf 87' lang='lat'>31</span> <span class='ocrx_word' id='word_1_88' title='bbox 619 1521 644 1558; x_wconf 78' lang='lat'><strong>2</strong></span> <span class='ocrx_word' id='word_1_89' title='bbox 662 1519 740 1594; x_wconf 75' lang='grc'>7).</span> <span class='ocrx_word' id='word_1_90' title='bbox 782 1518 861 1580; x_wconf 89' lang='lat' dir='ltr'>De</span> <span class='ocrx_word' id='word_1_91' title='bbox 885 1527 1225 1597; x_wconf 85' lang='lat' dir='ltr'>argumento</span> <span class='ocrx_word' id='word_1_92' title='bbox 1250 1526 1521 1598; x_wconf 90' lang='lat' dir='ltr'>apertum</span> <span class='ocrx_word' id='word_1_93' title='bbox 1546 1524 1727 1579; x_wconf 87' lang='lat' dir='ltr'>estex</span> <span class='ocrx_word' id='word_1_94' title='bbox 1750 1520 2186 1599; x_wconf 88' lang='lat' dir='ltr'>comparatione</span> <span class='ocrx_word' id='word_1_95' title='bbox 2209 1520 2386 1601; x_wconf 81' lang='lat' dir='ltr'>Apol-</span> 
     </span>
     <span class='ocr_line' id='line_1_13' title="bbox 263 1596 2389 1689; baseline 0.002 -26"><span class='ocrx_word' id='word_1_96' title='bbox 263 1603 467 1664; x_wconf 88' lang='lat' dir='ltr'>lodori</span> <span class='ocrx_word' id='word_1_97' title='bbox 504 1603 549 1676; x_wconf 92' lang='lat'>1,</span> <span class='ocrx_word' id='word_1_98' title='bbox 590 1603 647 1677; x_wconf 84' lang='lat'>9,</span> <span class='ocrx_word' id='word_1_99' title='bbox 693 1604 730 1663; x_wconf 87' lang='lat'><strong>5</strong></span> <span class='ocrx_word' id='word_1_100' title='bbox 772 1599 928 1685; x_wconf 78' lang='grc' dir='ltr'><strong><em>περὶ</em></strong></span> <span class='ocrx_word' id='word_1_101' title='bbox 972 1600 1099 1664; x_wconf 81' lang='grc' dir='ltr'>τῶν</span> <span class='ocrx_word' id='word_1_102' title='bbox 1140 1597 1473 1688; x_wconf 80' lang='grc' dir='ltr'><strong><em>Περιήρου</em></strong></span> <span class='ocrx_word' id='word_1_103' title='bbox 1528 1596 1808 1684; x_wconf 78' lang='grc' dir='ltr'><strong><em>ἐκγόνων</em></strong></span> <span class='ocrx_word' id='word_1_104' title='bbox 1859 1597 1925 1667; x_wconf 79' lang='grc' dir='ltr'>ἐν</span> <span class='ocrx_word' id='word_1_105' title='bbox 1966 1602 2062 1689; x_wconf 78' lang='grc' dir='ltr'>τῷ</span> <span class='ocrx_word' id='word_1_106' title='bbox 2117 1596 2389 1668; x_wconf 80' lang='grc' dir='ltr'><strong><em>Ἀτλαν-</em></strong></span> 
     </span>
     <span class='ocr_line' id='line_1_14' title="bbox 263 1682 2388 1771; baseline 0.002 -22"><span class='ocrx_word' id='word_1_107' title='bbox 263 1684 443 1770; x_wconf 76' lang='grc' dir='ltr'><strong><em>τικῷ</em></strong></span> <span class='ocrx_word' id='word_1_108' title='bbox 488 1682 661 1768; x_wconf 79' lang='grc' dir='ltr'><strong><em>γένει</em></strong></span> <span class='ocrx_word' id='word_1_109' title='bbox 705 1683 1098 1771; x_wconf 81' lang='grc' dir='ltr'><strong><em>δηλώσομεν.</em></strong></span> <span class='ocrx_word' id='word_1_110' title='bbox 1172 1690 1258 1750; x_wconf 87' lang='lat' dir='ltr'>Ex</span> <span class='ocrx_word' id='word_1_111' title='bbox 1298 1688 1445 1749; x_wconf 90' lang='lat' dir='ltr'>libro</span> <span class='ocrx_word' id='word_1_112' title='bbox 1476 1688 1675 1767; x_wconf 89' lang='lat' dir='ltr'>priore</span> <span class='ocrx_word' id='word_1_113' title='bbox 1706 1690 1914 1751; x_wconf 87' lang='lat' dir='ltr'>citatur</span> <span class='ocrx_word' id='word_1_114' title='bbox 1940 1691 2105 1753; x_wconf 92' lang='lat' dir='ltr'>locus</span> <span class='ocrx_word' id='word_1_115' title='bbox 2138 1691 2208 1752; x_wconf 91' lang='lat' dir='ltr'>de</span> <span class='ocrx_word' id='word_1_116' title='bbox 2238 1692 2388 1754; x_wconf 84' lang='lat' dir='ltr'>filia-</span> 
     </span>
     <span class='ocr_line' id='line_1_15' title="bbox 263 1772 2465 1855; baseline 0.001 -21"><span class='ocrx_word' id='word_1_117' title='bbox 263 1774 383 1835; x_wconf 86' lang='lat' dir='ltr'>bus</span> <span class='ocrx_word' id='word_1_118' title='bbox 416 1773 662 1834; x_wconf 87' lang='lat' dir='ltr'>Atlantis</span> <span class='ocrx_word' id='word_1_119' title='bbox 695 1792 786 1851; x_wconf 94' lang='lat' dir='ltr'>ap.</span> <span class='ocrx_word' id='word_1_120' title='bbox 821 1773 1016 1834; x_wconf 91' lang='lat' dir='ltr'>Schol.</span> <span class='ocrx_word' id='word_1_121' title='bbox 1050 1774 1111 1837; x_wconf 91' lang='lat'>11.</span> <span class='ocrx_word' id='word_1_122' title='bbox 1145 1792 1200 1848; x_wconf 91' lang='grc' dir='ltr'>σ,</span> <span class='ocrx_word' id='word_1_123' title='bbox 1231 1773 1373 1850; x_wconf 86' lang='grc'>486,</span> <span class='ocrx_word' id='word_1_124' title='bbox 1408 1772 1499 1834; x_wconf 90' lang='lat' dir='ltr'>cui</span> <span class='ocrx_word' id='word_1_125' title='bbox 1533 1775 1850 1854; x_wconf 82' lang='lat' dir='ltr'>respondet</span> <span class='ocrx_word' id='word_1_126' title='bbox 1871 1775 2263 1855; x_wconf 86' lang='lat' dir='ltr'>Apollodorus</span> <span class='ocrx_word' id='word_1_127' title='bbox 2290 1777 2384 1851; x_wconf 89' lang='lat'>111,</span> <span class='ocrx_word' id='word_1_128' title='bbox 2414 1798 2465 1837; x_wconf 82' lang='lat'>18</span> 
     </span>
     <span class='ocr_line' id='line_1_16' title="bbox 269 1856 2387 1933; baseline 0.001 -14"><span class='ocrx_word' id='word_1_129' title='bbox 269 1859 375 1932; x_wconf 88' lang='grc'>10,</span> <span class='ocrx_word' id='word_1_130' title='bbox 416 1860 470 1919; x_wconf 87' lang='lat'>1.</span> <span class='ocrx_word' id='word_1_131' title='bbox 528 1858 691 1919; x_wconf 90' lang='lat' dir='ltr'>Idem</span> <span class='ocrx_word' id='word_1_132' title='bbox 722 1856 1025 1920; x_wconf 88' lang='lat' dir='ltr'>nominato</span> <span class='ocrx_word' id='word_1_133' title='bbox 1059 1859 1369 1933; x_wconf 84' lang='lat' dir='ltr'>Mercurio,</span> <span class='ocrx_word' id='word_1_134' title='bbox 1400 1858 1578 1920; x_wconf 81' lang='lat' dir='ltr'>Maiae</span> <span class='ocrx_word' id='word_1_135' title='bbox 1607 1859 1913 1921; x_wconf 85' lang='lat' dir='ltr'>Atlantidis</span> <span class='ocrx_word' id='word_1_136' title='bbox 1942 1861 2088 1932; x_wconf 87' lang='lat' dir='ltr'>filio,</span> <span class='ocrx_word' id='word_1_137' title='bbox 2131 1860 2387 1923; x_wconf 85' lang='lat' dir='ltr'>fabulam</span> 
     </span>
     <span class='ocr_line' id='line_1_17' title="bbox 263 1942 2387 2025; baseline 0 -19"><span class='ocrx_word' id='word_1_138' title='bbox 263 1942 546 2006; x_wconf 80' lang='lat' dir='ltr'>Mercurii</span> <span class='ocrx_word' id='word_1_139' title='bbox 573 1943 821 2005; x_wconf 88' lang='lat' dir='ltr'>illustrat</span> <span class='ocrx_word' id='word_1_140' title='bbox 850 1962 918 2004; x_wconf 86' lang='lat' dir='ltr'>ex</span> <span class='ocrx_word' id='word_1_141' title='bbox 949 1944 1171 2024; x_wconf 81' lang='lat' dir='ltr'>hymno</span> <span class='ocrx_word' id='word_1_142' title='bbox 1204 1942 1474 2018; x_wconf 84' lang='lat' dir='ltr'>Homeri3</span> <span class='ocrx_word' id='word_1_143' title='bbox 1516 1944 1675 2022; x_wconf 92' lang='lat' dir='ltr'>quod</span> <span class='ocrx_word' id='word_1_144' title='bbox 1715 1944 1765 2004; x_wconf 90' lang='lat' dir='ltr'>si</span> <span class='ocrx_word' id='word_1_145' title='bbox 1806 1943 1878 2004; x_wconf 87' lang='lat' dir='ltr'>ab</span> <span class='ocrx_word' id='word_1_146' title='bbox 1906 1944 2198 2006; x_wconf 87' lang='lat' dir='ltr'>Hellanico</span> <span class='ocrx_word' id='word_1_147' title='bbox 2237 1965 2387 2025; x_wconf 88' lang='lat' dir='ltr'>quo-</span> 
     </span>
     <span class='ocr_line' id='line_1_18' title="bbox 265 2028 2389 2109; baseline 0.001 -20"><span class='ocrx_word' id='word_1_148' title='bbox 265 2047 388 2109; x_wconf 88' lang='lat' dir='ltr'>que</span> <span class='ocrx_word' id='word_1_149' title='bbox 419 2028 684 2090; x_wconf 88' lang='lat' dir='ltr'>similiter</span> <span class='ocrx_word' id='word_1_150' title='bbox 711 2029 930 2091; x_wconf 86' lang='lat' dir='ltr'>factum</span> <span class='ocrx_word' id='word_1_151' title='bbox 960 2036 1202 2101; x_wconf 87' lang='lat' dir='ltr'>statuas,</span> <span class='ocrx_word' id='word_1_152' title='bbox 1234 2029 1512 2090; x_wconf 90' lang='lat' dir='ltr'>idoneum</span> <span class='ocrx_word' id='word_1_153' title='bbox 1542 2028 1736 2090; x_wconf 92' lang='lat' dir='ltr'>locum</span> <span class='ocrx_word' id='word_1_154' title='bbox 1767 2036 1973 2091; x_wconf 89' lang='lat' dir='ltr'>nactus</span> <span class='ocrx_word' id='word_1_155' title='bbox 2005 2029 2151 2104; x_wconf 65' lang='lat' dir='ltr'>eris»,</span> <span class='ocrx_word' id='word_1_156' title='bbox 2191 2030 2293 2092; x_wconf 91' lang='lat' dir='ltr'>ubi</span> <span class='ocrx_word' id='word_1_157' title='bbox 2316 2032 2389 2092; x_wconf 93' lang='lat' dir='ltr'>de</span> 
     </span>
     <span class='ocr_line' id='line_1_19' title="bbox 263 2107 2386 2199; baseline 0 -23"><span class='ocrx_word' id='word_1_158' title='bbox 263 2113 723 2176; x_wconf 88' lang='lat' dir='ltr'>Homeridarum</span> <span class='ocrx_word' id='word_1_159' title='bbox 747 2121 916 2193; x_wconf 87' lang='lat' dir='ltr'>gente</span> <span class='ocrx_word' id='word_1_160' title='bbox 939 2113 1225 2194; x_wconf 89' lang='lat' dir='ltr'>disputari</span> <span class='ocrx_word' id='word_1_161' title='bbox 1248 2113 1527 2194; x_wconf 86' lang='lat' dir='ltr'>potuerit,</span> <span class='ocrx_word' id='word_1_162' title='bbox 1556 2132 1610 2175; x_wconf 89' lang='lat' dir='ltr'>v.</span> <span class='ocrx_word' id='word_1_163' title='bbox 1634 2112 1915 2193; x_wconf 88' lang='lat' dir='ltr'>Harpocr.</span> <span class='ocrx_word' id='word_1_164' title='bbox 1942 2133 1992 2175; x_wconf 85' lang='lat' dir='ltr'>v.</span> <span class='ocrx_word' id='word_1_165' title='bbox 2015 2107 2386 2199; x_wconf 81' lang='grc' dir='ltr'><strong><em>Ὁμηρίδαι·</em></strong></span> 
     </span>
     <span class='ocr_line' id='line_1_20' title="bbox 261 2189 2385 2285; baseline 0.002 -26"><span class='ocrx_word' id='word_1_166' title='bbox 261 2236 357 2245; x_wconf 83' lang='lat'><em>-</em></span> <span class='ocrx_word' id='word_1_167' title='bbox 412 2189 583 2260; x_wconf 82' lang='grc' dir='ltr'><strong><em>Ἑλλ.</em></strong></span> <span class='ocrx_word' id='word_1_168' title='bbox 613 2193 682 2261; x_wconf 76' lang='grc' dir='ltr'>ἐν</span> <span class='ocrx_word' id='word_1_169' title='bbox 723 2195 804 2260; x_wconf 70' lang='grc' dir='ltr'>τ“</span> <span class='ocrx_word' id='word_1_170' title='bbox 848 2191 1273 2261; x_wconf 78' lang='grc' dir='ltr'><strong><em>,Ἀτλαντιοὶδι</em></strong></span> <span class='ocrx_word' id='word_1_171' title='bbox 1316 2192 1458 2261; x_wconf 77' lang='grc' dir='ltr'>ἀπὸ</span> <span class='ocrx_word' id='word_1_172' title='bbox 1501 2194 1619 2261; x_wconf 81' lang='grc' dir='ltr'>τοῦ</span> <span class='ocrx_word' id='word_1_173' title='bbox 1663 2195 1948 2283; x_wconf 76' lang='grc' dir='ltr'><strong><em>ποιητοῦ</em></strong></span> <span class='ocrx_word' id='word_1_174' title='bbox 1991 2195 2196 2285; x_wconf 81' lang='grc' dir='ltr'><strong><em>φησὶν</em></strong></span> <span class='ocrx_word' id='word_1_175' title='bbox 2224 2192 2385 2264; x_wconf 76' lang='grc' dir='ltr'><strong><em>ὤνο-</em></strong></span> 
     </span>
     <span class='ocr_line' id='line_1_21' title="bbox 262 2277 2387 2369; baseline 0.001 -23"><span class='ocrx_word' id='word_1_176' title='bbox 262 2277 544 2365; x_wconf 75' lang='grc' dir='ltr'><strong><em>μάσθαι</em></strong></span> <span class='ocrx_word' id='word_1_177' title='bbox 572 2280 746 2360; x_wconf 80' lang='grc' dir='ltr'>(τούς</span> <span class='ocrx_word' id='word_1_178' title='bbox 782 2278 1164 2369; x_wconf 82' lang='grc' dir='ltr'><strong><em>Ομηρίδας).</em></strong></span> <span class='ocrx_word' id='word_1_179' title='bbox 1202 2285 1292 2362; x_wconf 83' lang='lat' dir='ltr'>[cf.</span> <span class='ocrx_word' id='word_1_180' title='bbox 1306 2284 1572 2346; x_wconf 85' lang='lat' dir='ltr'>Welcker</span> <span class='ocrx_word' id='word_1_181' title='bbox 1594 2283 1629 2346; x_wconf 94' lang='lat' dir='ltr'>l.</span> <span class='ocrx_word' id='word_1_182' title='bbox 1654 2284 1691 2345; x_wconf 88' lang='lat' dir='ltr'>l.</span> <span class='ocrx_word' id='word_1_183' title='bbox 1723 2303 1782 2363; x_wconf 92' lang='lat' dir='ltr'>p.</span> <span class='ocrx_word' id='word_1_184' title='bbox 1818 2285 1976 2364; x_wconf 85' lang='grc'>148.]</span> <span class='ocrx_word' id='word_1_185' title='bbox 2009 2285 2179 2365; x_wconf 81' lang='lat' dir='ltr'>Apud</span> <span class='ocrx_word' id='word_1_186' title='bbox 2203 2286 2387 2366; x_wconf 81' lang='lat' dir='ltr'>Apol-</span> 
     </span>
     <span class='ocr_line' id='line_1_22' title="bbox 261 2368 2385 2452; baseline 0.001 -21"><span class='ocrx_word' id='word_1_187' title='bbox 261 2371 549 2431; x_wconf 90' lang='lat' dir='ltr'>lodorum</span> <span class='ocrx_word' id='word_1_188' title='bbox 580 2368 858 2450; x_wconf 88' lang='lat' dir='ltr'>deinceps</span> <span class='ocrx_word' id='word_1_189' title='bbox 888 2376 1252 2432; x_wconf 88' lang='lat' dir='ltr'>memoratur</span> <span class='ocrx_word' id='word_1_190' title='bbox 1280 2370 1353 2430; x_wconf 90' lang='lat' dir='ltr'>de</span> <span class='ocrx_word' id='word_1_191' title='bbox 1383 2369 1569 2443; x_wconf 87' lang='lat' dir='ltr'>Leda,</span> <span class='ocrx_word' id='word_1_192' title='bbox 1609 2369 1947 2449; x_wconf 82' lang='lat' dir='ltr'>Tyndareo,</span> <span class='ocrx_word' id='word_1_193' title='bbox 1985 2370 2226 2446; x_wconf 87' lang='lat' dir='ltr'>Helena,</span> <span class='ocrx_word' id='word_1_194' title='bbox 2268 2390 2385 2452; x_wconf 92' lang='lat' dir='ltr'>quo</span> 
     </span>
     <span class='ocr_line' id='line_1_23' title="bbox 269 2454 2386 2536; baseline 0 -19"><span class='ocrx_word' id='word_1_195' title='bbox 269 2461 544 2536; x_wconf 86' lang='lat' dir='ltr'>spectant</span> <span class='ocrx_word' id='word_1_196' title='bbox 585 2473 731 2534; x_wconf 90' lang='lat' dir='ltr'>quae</span> <span class='ocrx_word' id='word_1_197' title='bbox 770 2475 839 2516; x_wconf 87' lang='lat' dir='ltr'>ex</span> <span class='ocrx_word' id='word_1_198' title='bbox 879 2454 1167 2516; x_wconf 88' lang='lat' dir='ltr'>Hellanico</span> <span class='ocrx_word' id='word_1_199' title='bbox 1209 2461 1478 2533; x_wconf 85' lang='lat' dir='ltr'>excerpta</span> <span class='ocrx_word' id='word_1_200' title='bbox 1518 2454 1790 2532; x_wconf 84' lang='lat' dir='ltr'>leguntur</span> <span class='ocrx_word' id='word_1_201' title='bbox 1827 2455 1981 2535; x_wconf 88' lang='lat' dir='ltr'>apud</span> <span class='ocrx_word' id='word_1_202' title='bbox 2025 2455 2159 2517; x_wconf 88' lang='lat' dir='ltr'>Sch.</span> <span class='ocrx_word' id='word_1_203' title='bbox 2199 2457 2307 2536; x_wconf 92' lang='lat' dir='ltr'>Ap.</span> <span class='ocrx_word' id='word_1_204' title='bbox 2339 2457 2386 2531; x_wconf 89' lang='lat'>1,</span> 
     </span>
     <span class='ocr_line' id='line_1_24' title="bbox 272 2538 2388 2621; baseline 0.001 -20"><span class='ocrx_word' id='word_1_205' title='bbox 272 2540 395 2602; x_wconf 84' lang='lat'>146</span> <span class='ocrx_word' id='word_1_206' title='bbox 429 2541 500 2601; x_wconf 91' lang='lat' dir='ltr'>de</span> <span class='ocrx_word' id='word_1_207' title='bbox 528 2539 713 2612; x_wconf 89' lang='lat' dir='ltr'>Leda,</span> <span class='ocrx_word' id='word_1_208' title='bbox 748 2539 882 2601; x_wconf 92' lang='lat' dir='ltr'>Sch.</span> <span class='ocrx_word' id='word_1_209' title='bbox 915 2540 974 2600; x_wconf 85' lang='grc' dir='ltr'>ΙΙ.</span> <span class='ocrx_word' id='word_1_210' title='bbox 1009 2558 1064 2621; x_wconf 85' lang='lat' dir='ltr'>y,</span> <span class='ocrx_word' id='word_1_211' title='bbox 1103 2540 1222 2599; x_wconf 89' lang='grc'>144</span> <span class='ocrx_word' id='word_1_212' title='bbox 1256 2541 1327 2601; x_wconf 90' lang='lat' dir='ltr'>de</span> <span class='ocrx_word' id='word_1_213' title='bbox 1354 2538 1568 2601; x_wconf 90' lang='lat' dir='ltr'>Helena</span> <span class='ocrx_word' id='word_1_214' title='bbox 1600 2545 1658 2600; x_wconf 91' lang='lat' dir='ltr'>et</span> <span class='ocrx_word' id='word_1_215' title='bbox 1688 2539 1943 2614; x_wconf 89' lang='lat' dir='ltr'>Theseo,</span> <span class='ocrx_word' id='word_1_216' title='bbox 1983 2560 2131 2620; x_wconf 90' lang='lat' dir='ltr'>quae</span> <span class='ocrx_word' id='word_1_217' title='bbox 2168 2549 2236 2603; x_wconf 90' lang='lat' dir='ltr'>ut</span> <span class='ocrx_word' id='word_1_218' title='bbox 2270 2542 2388 2603; x_wconf 92' lang='lat' dir='ltr'>hoc</span> 
     </span>
     <span class='ocr_line' id='line_1_25' title="bbox 266 2624 2386 2706; baseline 0 -19"><span class='ocrx_word' id='word_1_219' title='bbox 266 2632 549 2687; x_wconf 86' lang='lat' dir='ltr'>contextu</span> <span class='ocrx_word' id='word_1_220' title='bbox 579 2632 808 2686; x_wconf 88' lang='lat' dir='ltr'>narrata</span> <span class='ocrx_word' id='word_1_221' title='bbox 838 2625 1025 2686; x_wconf 87' lang='lat' dir='ltr'>fuisse</span> <span class='ocrx_word' id='word_1_222' title='bbox 1055 2630 1329 2699; x_wconf 87' lang='lat' dir='ltr'>statuam,</span> <span class='ocrx_word' id='word_1_223' title='bbox 1362 2641 1486 2686; x_wconf 90' lang='lat' dir='ltr'>non</span> <span class='ocrx_word' id='word_1_224' title='bbox 1518 2624 1581 2684; x_wconf 90' lang='lat' dir='ltr'>in</span> <span class='ocrx_word' id='word_1_225' title='bbox 1611 2624 1835 2699; x_wconf 88' lang='lat' dir='ltr'>Atticis,</span> <span class='ocrx_word' id='word_1_226' title='bbox 1863 2625 2003 2686; x_wconf 84' lang='lat' dir='ltr'>facit</span> <span class='ocrx_word' id='word_1_227' title='bbox 2025 2626 2386 2706; x_wconf 87' lang='lat' dir='ltr'>comparatio</span> 
     </span>
     <span class='ocr_line' id='line_1_26' title="bbox 265 2708 2386 2790; baseline -0.001 -17"><span class='ocrx_word' id='word_1_228' title='bbox 265 2709 615 2790; x_wconf 85' lang='lat' dir='ltr'>Apollodori</span> <span class='ocrx_word' id='word_1_229' title='bbox 643 2710 751 2782; x_wconf 86' lang='lat'>111,</span> <span class='ocrx_word' id='word_1_230' title='bbox 790 2711 884 2784; x_wconf 89' lang='grc'>10,</span> <span class='ocrx_word' id='word_1_231' title='bbox 916 2711 971 2771; x_wconf 88' lang='grc'>7.</span> <span class='ocrx_word' id='word_1_232' title='bbox 1011 2744 1097 2755; x_wconf 92' lang='lat'>—-</span> <span class='ocrx_word' id='word_1_233' title='bbox 1141 2710 1410 2771; x_wconf 88' lang='lat' dir='ltr'>Secundo</span> <span class='ocrx_word' id='word_1_234' title='bbox 1451 2709 1600 2770; x_wconf 90' lang='lat' dir='ltr'>libro</span> <span class='ocrx_word' id='word_1_235' title='bbox 1640 2708 2048 2771; x_wconf 81' lang='lat' dir='ltr'>vindicaverim</span> <span class='ocrx_word' id='word_1_236' title='bbox 2087 2710 2386 2788; x_wconf 80' lang='lat' dir='ltr'>fragmen-</span> 
     </span>
     <span class='ocr_line' id='line_1_27' title="bbox 265 2792 2384 2876; baseline -0 -19"><span class='ocrx_word' id='word_1_237' title='bbox 265 2806 395 2857; x_wconf 89' lang='lat' dir='ltr'>tum</span> <span class='ocrx_word' id='word_1_238' title='bbox 436 2794 589 2876; x_wconf 92' lang='lat' dir='ltr'>apud</span> <span class='ocrx_word' id='word_1_239' title='bbox 632 2795 767 2857; x_wconf 88' lang='lat' dir='ltr'>Sch.</span> <span class='ocrx_word' id='word_1_240' title='bbox 798 2795 999 2874; x_wconf 88' lang='lat' dir='ltr'>Eurip.</span> <span class='ocrx_word' id='word_1_241' title='bbox 1032 2794 1339 2856; x_wconf 81' lang='lat' dir='ltr'>PhoeniSS.</span> <span class='ocrx_word' id='word_1_242' title='bbox 1380 2795 1417 2855; x_wconf 95' lang='lat'>1.</span> <span class='ocrx_word' id='word_1_243' title='bbox 1450 2812 1526 2867; x_wconf 92' lang='lat' dir='ltr'>c.,</span> <span class='ocrx_word' id='word_1_244' title='bbox 1573 2792 1673 2854; x_wconf 91' lang='lat' dir='ltr'>ubi</span> <span class='ocrx_word' id='word_1_245' title='bbox 1711 2812 1909 2855; x_wconf 88' lang='lat' dir='ltr'>sermo</span> <span class='ocrx_word' id='word_1_246' title='bbox 1949 2800 2040 2854; x_wconf 88' lang='lat' dir='ltr'>est</span> <span class='ocrx_word' id='word_1_247' title='bbox 2077 2795 2148 2855; x_wconf 91' lang='lat' dir='ltr'>de</span> <span class='ocrx_word' id='word_1_248' title='bbox 2186 2795 2384 2857; x_wconf 88' lang='lat' dir='ltr'>liberis</span> 
     </span>
     <span class='ocr_line' id='line_1_28' title="bbox 265 2878 2386 2961; baseline 0 -18"><span class='ocrx_word' id='word_1_249' title='bbox 265 2881 508 2955; x_wconf 84' lang='lat' dir='ltr'>Niobae,</span> <span class='ocrx_word' id='word_1_250' title='bbox 546 2899 695 2961; x_wconf 90' lang='lat' dir='ltr'>quae</span> <span class='ocrx_word' id='word_1_251' title='bbox 725 2886 850 2942; x_wconf 89' lang='lat' dir='ltr'>erat</span> <span class='ocrx_word' id='word_1_252' title='bbox 877 2900 945 2940; x_wconf 84' lang='lat' dir='ltr'>ex</span> <span class='ocrx_word' id='word_1_253' title='bbox 977 2880 1160 2959; x_wconf 88' lang='lat' dir='ltr'>stirpe</span> <span class='ocrx_word' id='word_1_254' title='bbox 1188 2879 1478 2960; x_wconf 82' lang='lat' dir='ltr'>Alcyonae</span> <span class='ocrx_word' id='word_1_255' title='bbox 1506 2878 1828 2940; x_wconf 79' lang='lat' dir='ltr'>Atlantidis.</span> <span class='ocrx_word' id='word_1_256' title='bbox 1892 2878 2036 2940; x_wconf 90' lang='lat' dir='ltr'>Inde</span> <span class='ocrx_word' id='word_1_257' title='bbox 2057 2880 2285 2942; x_wconf 87' lang='lat' dir='ltr'>videtur</span> <span class='ocrx_word' id='word_1_258' title='bbox 2313 2882 2386 2943; x_wconf 87' lang='lat' dir='ltr'>ad</span> 
     </span>
     <span class='ocr_line' id='line_1_29' title="bbox 266 2963 2388 3047; baseline 0 -19"><span class='ocrx_word' id='word_1_259' title='bbox 266 2966 514 3029; x_wconf 91' lang='lat' dir='ltr'>alteram</span> <span class='ocrx_word' id='word_1_260' title='bbox 542 2965 868 3027; x_wconf 86' lang='lat' dir='ltr'>fabularum</span> <span class='ocrx_word' id='word_1_261' title='bbox 900 2965 1307 3027; x_wconf 89' lang='lat' dir='ltr'>Thebanarum</span> <span class='ocrx_word' id='word_1_262' title='bbox 1336 2971 1562 3044; x_wconf 87' lang='lat' dir='ltr'>partem</span> <span class='ocrx_word' id='word_1_263' title='bbox 1596 2963 1682 3025; x_wconf 90' lang='lat' dir='ltr'>sic</span> <span class='ocrx_word' id='word_1_264' title='bbox 1711 2964 1933 3026; x_wconf 90' lang='lat' dir='ltr'>delatus</span> <span class='ocrx_word' id='word_1_265' title='bbox 1964 2983 2111 3040; x_wconf 89' lang='lat' dir='ltr'>esse,</span> <span class='ocrx_word' id='word_1_266' title='bbox 2149 2963 2388 3047; x_wconf 60' lang='lat' dir='ltr'>utjpost</span> 
     </span>
     <span class='ocr_line' id='line_1_30' title="bbox 265 3048 2383 3131; baseline 0 -19"><span class='ocrx_word' id='word_1_267' title='bbox 265 3050 622 3131; x_wconf 82' lang='lat' dir='ltr'>Amphionis</span> <span class='ocrx_word' id='word_1_268' title='bbox 645 3070 771 3123; x_wconf 90' lang='lat' dir='ltr'>res,</span> <span class='ocrx_word' id='word_1_269' title='bbox 817 3051 914 3131; x_wconf 89' lang='lat' dir='ltr'>qui</span> <span class='ocrx_word' id='word_1_270' title='bbox 944 3069 1099 3112; x_wconf 90' lang='lat' dir='ltr'>unus</span> <span class='ocrx_word' id='word_1_271' title='bbox 1131 3057 1438 3131; x_wconf 88' lang='lat' dir='ltr'>supererat</span> <span class='ocrx_word' id='word_1_272' title='bbox 1474 3068 1542 3110; x_wconf 86' lang='lat' dir='ltr'>ex</span> <span class='ocrx_word' id='word_1_273' title='bbox 1572 3048 1701 3110; x_wconf 87' lang='lat' dir='ltr'>filiis</span> <span class='ocrx_word' id='word_1_274' title='bbox 1740 3049 1986 3123; x_wconf 90' lang='lat' dir='ltr'>Niobae,</span> <span class='ocrx_word' id='word_1_275' title='bbox 2024 3050 2095 3112; x_wconf 92' lang='lat' dir='ltr'>ad</span> <span class='ocrx_word' id='word_1_276' title='bbox 2137 3069 2383 3130; x_wconf 86' lang='lat' dir='ltr'>regnum</span> 
     </span>
     <span class='ocr_line' id='line_1_31' title="bbox 266 3134 2385 3215; baseline -0 -17"><span class='ocrx_word' id='word_1_277' title='bbox 266 3136 390 3198; x_wconf 91' lang='lat' dir='ltr'>Laii</span> <span class='ocrx_word' id='word_1_278' title='bbox 419 3135 924 3214; x_wconf 81' lang='lat' dir='ltr'>transgrederetur</span> <span class='ocrx_word' id='word_1_279' title='bbox 969 3142 1027 3197; x_wconf 90' lang='lat' dir='ltr'>et</span> <span class='ocrx_word' id='word_1_280' title='bbox 1065 3135 1331 3215; x_wconf 86' lang='lat' dir='ltr'>lugubria</span> <span class='ocrx_word' id='word_1_281' title='bbox 1376 3134 1653 3214; x_wconf 88' lang='lat' dir='ltr'>deinceps</span> <span class='ocrx_word' id='word_1_282' title='bbox 1697 3135 1809 3196; x_wconf 88' lang='lat' dir='ltr'>ista</span> <span class='ocrx_word' id='word_1_283' title='bbox 1851 3134 2171 3214; x_wconf 88' lang='lat' dir='ltr'>Oedipodis</span> <span class='ocrx_word' id='word_1_284' title='bbox 2212 3142 2385 3214; x_wconf 88' lang='lat' dir='ltr'>atque</span> 
     </span>
    </p>
   </div>
   <div class='ocr_carea' id='block_1_6' title="bbox 137 3220 2383 3302">
    <p class='ocr_par' dir='ltr' id='par_1_6' title="bbox 137 3220 2383 3302">
     <span class='ocr_line' id='line_1_32' title="bbox 137 3220 2383 3302; baseline -0.001 -19"><span class='ocrx_word' id='word_1_285' title='bbox 137 3238 146 3241; x_wconf 84' lang='lat'><em>·</em></span> <span class='ocrx_word' id='word_1_286' title='bbox 269 3221 712 3302; x_wconf 77' lang='lat' dir='ltr'>oedipodarum</span> <span class='ocrx_word' id='word_1_287' title='bbox 741 3221 855 3282; x_wconf 83' lang='lat' dir='ltr'>fata</span> <span class='ocrx_word' id='word_1_288' title='bbox 886 3221 1223 3301; x_wconf 82' lang='lat' dir='ltr'>explicaret3</span> <span class='ocrx_word' id='word_1_289' title='bbox 1254 3239 1371 3300; x_wconf 92' lang='lat' dir='ltr'>quo</span> <span class='ocrx_word' id='word_1_290' title='bbox 1401 3220 1625 3281; x_wconf 86' lang='lat' dir='ltr'>faciunt</span> <span class='ocrx_word' id='word_1_291' title='bbox 1653 3238 1800 3298; x_wconf 90' lang='lat' dir='ltr'>quae</span> <span class='ocrx_word' id='word_1_292' title='bbox 1838 3226 2068 3281; x_wconf 85' lang='lat' dir='ltr'>exstant</span> <span class='ocrx_word' id='word_1_293' title='bbox 2106 3220 2178 3281; x_wconf 91' lang='lat' dir='ltr'>de</span> <span class='ocrx_word' id='word_1_294' title='bbox 2206 3220 2383 3280; x_wconf 89' lang='lat' dir='ltr'>Oedi-</span> 
     </span>
    </p>
   </div>
   <div class='ocr_carea' id='block_1_7' title="bbox 266 3304 2385 3387">
    <p class='ocr_par' dir='ltr' id='par_1_7' title="bbox 266 3304 2385 3387">
     <span class='ocr_line' id='line_1_33' title="bbox 266 3304 2385 3387; baseline -0 -19"><span class='ocrx_word' id='word_1_295' title='bbox 266 3306 425 3387; x_wconf 91' lang='lat' dir='ltr'>pode</span> <span class='ocrx_word' id='word_1_296' title='bbox 455 3307 700 3387; x_wconf 87' lang='lat' dir='ltr'>eiusque</span> <span class='ocrx_word' id='word_1_297' title='bbox 727 3307 859 3368; x_wconf 86' lang='lat' dir='ltr'>filiis</span> <span class='ocrx_word' id='word_1_298' title='bbox 888 3326 981 3387; x_wconf 86' lang='lat' dir='ltr'>ap.</span> <span class='ocrx_word' id='word_1_299' title='bbox 1007 3306 1143 3371; x_wconf 90' lang='lat' dir='ltr'>Sch.</span> <span class='ocrx_word' id='word_1_300' title='bbox 1164 3306 1365 3386; x_wconf 90' lang='lat' dir='ltr'>Eurip.</span> <span class='ocrx_word' id='word_1_301' title='bbox 1390 3305 1615 3367; x_wconf 90' lang='lat' dir='ltr'>Phoen.</span> <span class='ocrx_word' id='word_1_302' title='bbox 1640 3306 1714 3365; x_wconf 88' lang='lat'>71</span> <span class='ocrx_word' id='word_1_303' title='bbox 1750 3304 1899 3366; x_wconf 88' lang='lat' dir='ltr'>etde</span> <span class='ocrx_word' id='word_1_304' title='bbox 1922 3304 2168 3366; x_wconf 87' lang='lat' dir='ltr'>Adrasto</span> <span class='ocrx_word' id='word_1_305' title='bbox 2200 3306 2385 3386; x_wconf 89' lang='lat' dir='ltr'>deque</span> 
     </span>
    </p>
   </div>
   <div class='ocr_carea' id='block_1_8' title="bbox 265 3462 673 3472">
    <p class='ocr_par' dir='ltr' id='par_1_8' title="bbox 265 3462 673 3472">
     <span class='ocr_line' id='line_1_34' title="bbox 265 3462 673 3472; baseline 0 1245"><span class='ocrx_word' id='word_1_306' title='bbox 265 3462 673 3472; x_wconf 95' lang='lat' dir='ltr'> </span> 
     </span>
    </p>
   </div>
   <div class='ocr_carea' id='block_1_9' title="bbox 264 3541 2383 4083">
    <p class='ocr_par' dir='ltr' id='par_1_9' title="bbox 264 3541 2383 3745">
     <span class='ocr_line' id='line_1_35' title="bbox 405 3541 2382 3609; baseline 0.002 -18"><span class='ocrx_word' id='word_1_307' title='bbox 405 3541 492 3606; x_wconf 81' lang='lat'>26)</span> <span class='ocrx_word' id='word_1_308' title='bbox 532 3542 670 3609; x_wconf 82' lang='lat' dir='ltr'>Quae</span> <span class='ocrx_word' id='word_1_309' title='bbox 698 3544 745 3594; x_wconf 90' lang='lat' dir='ltr'>in</span> <span class='ocrx_word' id='word_1_310' title='bbox 770 3542 834 3595; x_wconf 86' lang='lat' dir='ltr'>fr.</span> <span class='ocrx_word' id='word_1_311' title='bbox 863 3543 959 3594; x_wconf 89' lang='grc'>146</span> <span class='ocrx_word' id='word_1_312' title='bbox 984 3544 1273 3608; x_wconf 78' lang='lat' dir='ltr'>allegantur</span> <span class='ocrx_word' id='word_1_313' title='bbox 1295 3559 1325 3594; x_wconf 84' lang='lat' dir='ltr'>a</span> <span class='ocrx_word' id='word_1_314' title='bbox 1352 3542 1575 3606; x_wconf 87' lang='lat' dir='ltr'>Sturzio,</span> <span class='ocrx_word' id='word_1_315' title='bbox 1601 3558 1666 3593; x_wconf 81' lang='lat' dir='ltr'>ex</span> <span class='ocrx_word' id='word_1_316' title='bbox 1691 3544 1864 3594; x_wconf 86' lang='lat' dir='ltr'>eodem</span> <span class='ocrx_word' id='word_1_317' title='bbox 1888 3543 2102 3594; x_wconf 89' lang='lat' dir='ltr'>Proculo</span> <span class='ocrx_word' id='word_1_318' title='bbox 2138 3544 2185 3594; x_wconf 85' lang='lat' dir='ltr'>in</span> <span class='ocrx_word' id='word_1_319' title='bbox 2211 3545 2382 3595; x_wconf 85' lang='lat' dir='ltr'>eadem</span> 
     </span>
     <span class='ocr_line' id='line_1_36' title="bbox 264 3610 2383 3679; baseline 0.001 -19"><span class='ocrx_word' id='word_1_320' title='bbox 264 3611 372 3661; x_wconf 84' lang='lat' dir='ltr'>vita</span> <span class='ocrx_word' id='word_1_321' title='bbox 395 3610 619 3673; x_wconf 87' lang='lat' dir='ltr'>Homeri,</span> <span class='ocrx_word' id='word_1_322' title='bbox 645 3612 951 3663; x_wconf 81' lang='lat' dir='ltr'>Hellanicum</span> <span class='ocrx_word' id='word_1_323' title='bbox 978 3628 1088 3663; x_wconf 90' lang='lat' dir='ltr'>cum</span> <span class='ocrx_word' id='word_1_324' title='bbox 1107 3612 1319 3662; x_wconf 87' lang='lat' dir='ltr'>Xenone</span> <span class='ocrx_word' id='word_1_325' title='bbox 1341 3611 1620 3679; x_wconf 80' lang='lat' dir='ltr'>odysseam</span> <span class='ocrx_word' id='word_1_326' title='bbox 1644 3612 1957 3662; x_wconf 82' lang='lat' dir='ltr'>abiudicasse</span> <span class='ocrx_word' id='word_1_327' title='bbox 1976 3613 2207 3675; x_wconf 86' lang='lat' dir='ltr'>Homero,</span> <span class='ocrx_word' id='word_1_328' title='bbox 2234 3613 2282 3662; x_wconf 89' lang='lat' dir='ltr'>in</span> <span class='ocrx_word' id='word_1_329' title='bbox 2308 3613 2383 3663; x_wconf 82' lang='lat' dir='ltr'>his</span> 
     </span>
     <span class='ocr_line' id='line_1_37' title="bbox 267 3680 971 3745; baseline 0.004 -17"><span class='ocrx_word' id='word_1_330' title='bbox 267 3686 408 3745; x_wconf 87' lang='lat' dir='ltr'>patet</span> <span class='ocrx_word' id='word_1_331' title='bbox 431 3681 580 3729; x_wconf 85' lang='lat' dir='ltr'>citari</span> <span class='ocrx_word' id='word_1_332' title='bbox 604 3680 971 3731; x_wconf 86' lang='lat' dir='ltr'>Chorizontem.</span> 
     </span>
    </p>

    <p class='ocr_par' dir='ltr' id='par_1_10' title="bbox 265 3741 2383 4083">
     <span class='ocr_line' id='line_1_38' title="bbox 406 3741 2381 3818; baseline 0.001 -22"><span class='ocrx_word' id='word_1_333' title='bbox 406 3747 492 3810; x_wconf 86' lang='lat'>27)</span> <span class='ocrx_word' id='word_1_334' title='bbox 529 3747 769 3813; x_wconf 81' lang='lat' dir='ltr'>Harpocr.</span> <span class='ocrx_word' id='word_1_335' title='bbox 803 3764 854 3799; x_wconf 71' lang='grc' dir='ltr'>ν.</span> <span class='ocrx_word' id='word_1_336' title='bbox 875 3744 1176 3818; x_wconf 79' lang='grc' dir='ltr'><strong><em>Ὁμηρίδαι</em></strong></span> <span class='ocrx_word' id='word_1_337' title='bbox 1197 3747 1351 3797; x_wconf 85' lang='lat' dir='ltr'>habet</span> <span class='ocrx_word' id='word_1_338' title='bbox 1375 3741 1513 3798; x_wconf 82' lang='grc' dir='ltr'><strong><em>Ἑλλ.</em></strong></span> <span class='ocrx_word' id='word_1_339' title='bbox 1548 3744 1608 3799; x_wconf 73' lang='grc' dir='ltr'>ἐν</span> <span class='ocrx_word' id='word_1_340' title='bbox 1630 3746 1695 3818; x_wconf 77' lang='grc' dir='ltr'>τῇ</span> <span class='ocrx_word' id='word_1_341' title='bbox 1722 3743 2095 3811; x_wconf 76' lang='grc' dir='ltr'><strong><em>Ἀτλαντιάδι,</em></strong></span> <span class='ocrx_word' id='word_1_342' title='bbox 2131 3747 2298 3797; x_wconf 89' lang='lat' dir='ltr'>Schol.</span> <span class='ocrx_word' id='word_1_343' title='bbox 2323 3746 2381 3798; x_wconf 87' lang='grc' dir='ltr'>ΙΙ.</span> 
     </span>
     <span class='ocr_line' id='line_1_39' title="bbox 268 3809 2381 3882; baseline -0 -17"><span class='ocrx_word' id='word_1_344' title='bbox 268 3826 319 3878; x_wconf 88' lang='grc' dir='ltr'>σ,</span> <span class='ocrx_word' id='word_1_345' title='bbox 344 3814 446 3864; x_wconf 86' lang='grc'>486</span> <span class='ocrx_word' id='word_1_346' title='bbox 469 3812 532 3866; x_wconf 74' lang='grc' dir='ltr'>ἐν</span> <span class='ocrx_word' id='word_1_347' title='bbox 555 3816 631 3881; x_wconf 78' lang='grc' dir='ltr'>τῷ</span> <span class='ocrx_word' id='word_1_348' title='bbox 658 3811 708 3866; x_wconf 86' lang='grc' dir='ltr'>α’</span> <span class='ocrx_word' id='word_1_349' title='bbox 731 3817 843 3868; x_wconf 82' lang='grc' dir='ltr'>τῶν</span> <span class='ocrx_word' id='word_1_350' title='bbox 865 3810 1245 3877; x_wconf 78' lang='grc' dir='ltr'><strong><em>Ἀτλαντιδῶν,</em></strong></span> <span class='ocrx_word' id='word_1_351' title='bbox 1269 3816 1336 3866; x_wconf 87' lang='lat' dir='ltr'>al.</span> <span class='ocrx_word' id='word_1_352' title='bbox 1362 3817 1504 3865; x_wconf 89' lang='lat' dir='ltr'>codd.</span> <span class='ocrx_word' id='word_1_353' title='bbox 1527 3809 1901 3879; x_wconf 74' lang='grc' dir='ltr'><em>Ἀτλαντικῶν,</em></span> <span class='ocrx_word' id='word_1_354' title='bbox 1926 3817 2055 3882; x_wconf 86' lang='lat' dir='ltr'>quod</span> <span class='ocrx_word' id='word_1_355' title='bbox 2077 3817 2233 3866; x_wconf 88' lang='lat' dir='ltr'>edidit</span> <span class='ocrx_word' id='word_1_356' title='bbox 2252 3815 2381 3865; x_wconf 80' lang='lat' dir='ltr'>Bek-</span> 
     </span>
     <span class='ocr_line' id='line_1_40' title="bbox 267 3881 2383 3954; baseline 0 -22"><span class='ocrx_word' id='word_1_357' title='bbox 267 3883 442 3945; x_wconf 85' lang='lat' dir='ltr'>kerus,</span> <span class='ocrx_word' id='word_1_358' title='bbox 469 3883 638 3934; x_wconf 89' lang='lat' dir='ltr'>Schol.</span> <span class='ocrx_word' id='word_1_359' title='bbox 664 3884 837 3950; x_wconf 88' lang='lat' dir='ltr'>Eurip.</span> <span class='ocrx_word' id='word_1_360' title='bbox 861 3884 1119 3935; x_wconf 88' lang='lat' dir='ltr'>Phoeniss.</span> <span class='ocrx_word' id='word_1_361' title='bbox 1152 3884 1246 3933; x_wconf 89' lang='lat'>162</span> <span class='ocrx_word' id='word_1_362' title='bbox 1272 3881 1332 3935; x_wconf 77' lang='grc' dir='ltr'>ἐν</span> <span class='ocrx_word' id='word_1_363' title='bbox 1351 3884 1417 3954; x_wconf 77' lang='grc' dir='ltr'>τῇ</span> <span class='ocrx_word' id='word_1_364' title='bbox 1443 3881 1732 3954; x_wconf 76' lang='grc' dir='ltr'><strong><em>ἐπιγραφῇ</em></strong></span> <span class='ocrx_word' id='word_1_365' title='bbox 1759 3881 2124 3940; x_wconf 79' lang='grc' dir='ltr'><strong><em>Ἀτλαντίδος.</em></strong></span> <span class='ocrx_word' id='word_1_366' title='bbox 2164 3883 2272 3946; x_wconf 75' lang='lat' dir='ltr'>Ego</span> <span class='ocrx_word' id='word_1_367' title='bbox 2293 3899 2383 3934; x_wconf 88' lang='lat' dir='ltr'>no-</span> 
     </span>
     <span class='ocr_line' id='line_1_41' title="bbox 265 3949 2383 4018; baseline 0.001 -18"><span class='ocrx_word' id='word_1_368' title='bbox 265 3966 378 4001; x_wconf 88' lang='lat' dir='ltr'>men</span> <span class='ocrx_word' id='word_1_369' title='bbox 398 3949 653 4001; x_wconf 79' lang='lat' dir='ltr'>Atlantias</span> <span class='ocrx_word' id='word_1_370' title='bbox 687 3953 929 4017; x_wconf 85' lang='lat' dir='ltr'>praetuli,</span> <span class='ocrx_word' id='word_1_371' title='bbox 964 3952 1078 4018; x_wconf 82' lang='lat' dir='ltr'>quin</span> <span class='ocrx_word' id='word_1_372' title='bbox 1108 3951 1354 4016; x_wconf 75' lang='lat' dir='ltr'>Atlantia,</span> <span class='ocrx_word' id='word_1_373' title='bbox 1391 3953 1518 4017; x_wconf 91' lang='lat' dir='ltr'>quod</span> <span class='ocrx_word' id='word_1_374' title='bbox 1554 3952 1722 4017; x_wconf 89' lang='lat' dir='ltr'>posuit</span> <span class='ocrx_word' id='word_1_375' title='bbox 1755 3952 2012 4011; x_wconf 85' lang='lat' dir='ltr'>Sturzins,</span> <span class='ocrx_word' id='word_1_376' title='bbox 2046 3958 2126 4001; x_wconf 81' lang='lat' dir='ltr'>est</span> <span class='ocrx_word' id='word_1_377' title='bbox 2159 3951 2383 4003; x_wconf 82' lang='lat' dir='ltr'>Atlantis</span> 
     </span>
     <span class='ocr_line' id='line_1_42' title="bbox 268 4016 2382 4083; baseline 0.001 -15"><span class='ocrx_word' id='word_1_378' title='bbox 268 4019 390 4082; x_wconf 82' lang='lat' dir='ltr'>lilia,</span> <span class='ocrx_word' id='word_1_379' title='bbox 416 4019 670 4069; x_wconf 82' lang='lat' dir='ltr'>Atlantias</span> <span class='ocrx_word' id='word_1_380' title='bbox 694 4035 818 4071; x_wconf 84' lang='lat' dir='ltr'>vero</span> <span class='ocrx_word' id='word_1_381' title='bbox 845 4036 1042 4071; x_wconf 83' lang='lat' dir='ltr'>carmen</span> <span class='ocrx_word' id='word_1_382' title='bbox 1066 4021 1151 4071; x_wconf 87' lang='lat' dir='ltr'>vel</span> <span class='ocrx_word' id='word_1_383' title='bbox 1184 4020 1313 4069; x_wconf 90' lang='lat' dir='ltr'>liber</span> <span class='ocrx_word' id='word_1_384' title='bbox 1346 4021 1406 4069; x_wconf 89' lang='lat' dir='ltr'>de</span> <span class='ocrx_word' id='word_1_385' title='bbox 1432 4035 1619 4083; x_wconf 79' lang='lat' dir='ltr'>genere</span> <span class='ocrx_word' id='word_1_386' title='bbox 1643 4019 1885 4071; x_wconf 80' lang='lat' dir='ltr'>Atlantis.</span> <span class='ocrx_word' id='word_1_387' title='bbox 1928 4020 2055 4082; x_wconf 88' lang='lat' dir='ltr'>[Sed</span> <span class='ocrx_word' id='word_1_388' title='bbox 2081 4016 2143 4069; x_wconf 84' lang='lat' dir='ltr'>cf.</span> <span class='ocrx_word' id='word_1_389' title='bbox 2168 4019 2382 4071; x_wconf 85' lang='lat' dir='ltr'>Prelleri</span> 
     </span>
    </p>
   </div>
   <div class='ocr_carea' id='block_1_10' title="bbox 266 4085 1447 4155">
    <p class='ocr_par' dir='ltr' id='par_1_11' title="bbox 266 4085 1447 4155">
     <span class='ocr_line' id='line_1_43' title="bbox 266 4085 1447 4155; baseline -0.001 -16"><span class='ocrx_word' id='word_1_390' title='bbox 266 4087 483 4155; x_wconf 75' lang='lat' dir='ltr'>Mythol.</span> <span class='ocrx_word' id='word_1_391' title='bbox 506 4104 585 4153; x_wconf 75' lang='lat' dir='ltr'>gr.</span> <span class='ocrx_word' id='word_1_392' title='bbox 609 4087 648 4153; x_wconf 87' lang='lat'>1,</span> <span class='ocrx_word' id='word_1_393' title='bbox 671 4103 719 4155; x_wconf 82' lang='lat' dir='ltr'>p.</span> <span class='ocrx_word' id='word_1_394' title='bbox 747 4087 863 4154; x_wconf 87' lang='grc'><strong>365,</strong></span> <span class='ocrx_word' id='word_1_395' title='bbox 888 4095 992 4142; x_wconf 87' lang='lat' dir='ltr'>not.</span> <span class='ocrx_word' id='word_1_396' title='bbox 1015 4087 1064 4153; x_wconf 88' lang='lat'>4,</span> <span class='ocrx_word' id='word_1_397' title='bbox 1090 4088 1167 4139; x_wconf 90' lang='lat' dir='ltr'>ed.</span> <span class='ocrx_word' id='word_1_398' title='bbox 1191 4087 1340 4140; x_wconf 84' lang='lat' dir='ltr'>alter.</span> <span class='ocrx_word' id='word_1_399' title='bbox 1365 4085 1447 4150; x_wconf 55' lang='lat' dir='ltr'>lt]</span> 
     </span>
    </p>
   </div>
  </div>
 </body>
</html>
