2867 4717
397 938 444 976 11

402 2378 452 2415 12

404 3696 455 3735 13

476 415 509 467 Β
1198 415 1281 466 De
1325 413 1618 481 Aeschyli
1653 413 1886 466 Persis.

476 583 639 643 ideas
670 588 932 642 aeternas
964 586 1021 641 et
1049 581 1110 641 in
1147 580 1256 641 illis
1287 580 1573 660 symbolis
1614 587 1672 641 et
1709 579 1769 639 in
1798 579 1961 639 hisce
1987 579 2184 652 rebuS‚
2219 587 2277 641 et
2305 578 2367 640 in
2396 577 2591 640 omni-

476 668 588 728 bus
622 667 865 728 omnino
896 667 1072 727 rebus
1103 667 1279 743 gestis
1309 665 1659 744 gerundisve
1687 665 1878 724 inesse
1906 683 2009 726 eos
2041 665 2337 729 docerent.

644 752 818 812 Hisce
840 751 960 831 jam
986 750 1162 811 nimis
1188 752 1284 812 diu
1304 751 1374 811 de
1391 751 1648 830 propriis
1670 749 2088 811 historicorum
2112 756 2591 827 argumentorum

475 835 797 897 rationibus
828 843 886 896 et
915 836 1347 896 difficultatibus
1379 836 1440 895 in
1469 836 1807 895 universum
1838 835 2237 912 praemonitis
2257 835 2381 914 jam
2412 834 2484 896 ad
2512 834 2592 907 id,

478 922 634 1001 quod
654 922 763 982 hac
784 921 1103 999 scriptione
1117 921 1307 981 fusius
1325 920 1618 998 inquirere
1635 919 2008 998 propositum
2027 926 2135 993 est,
2151 919 2343 980 accedi
2361 918 2592 997 poterit.

479 1007 603 1067 Hoc
631 1007 882 1066 maxime
909 1006 1050 1066 illud
1079 1012 1185 1077 est,
1217 1012 1282 1065 ut
1309 1006 1610 1084 quomodo
1642 1005 1883 1064 unicum
1912 1005 2070 1077 illud,
2114 1005 2273 1083 quod
2300 1021 2462 1065 nunc
2489 1022 2595 1064 ex-

476 1098 608 1164 stat,
648 1091 1005 1170 ejuscemodi
1047 1090 1371 1167 argumenti
1402 1096 1854 1151 monumentum
1893 1090 1966 1150 ad
1994 1089 2118 1151 illas
2161 1088 2424 1150 rationes
2464 1107 2596 1149 sese

476 1175 699 1248 habeat,
731 1177 768 1236 i.
801 1195 849 1235 e.
883 1182 1167 1254 quatenus
1199 1176 1516 1253 Aeschylus
1546 1175 1606 1235 in
1637 1174 1834 1234 Persis
1864 1174 2160 1252 tragoedia
2189 1174 2314 1234 illas
2345 1173 2594 1234 difficul-

474 1267 625 1321 tates
657 1267 757 1322 aut
784 1260 1002 1332 vicerit,
1036 1266 1135 1320 aut
1156 1261 1426 1339 proprias
1460 1259 1740 1339 quasdam
1770 1259 1830 1319 in
1860 1277 2016 1319 novo
2046 1259 2143 1319 illo
2176 1275 2387 1337 genere
2408 1259 2595 1319 virtu-

476 1353 567 1406 tes
598 1363 738 1424 prae
768 1363 832 1404 se
874 1344 1085 1416 tulerit,
1129 1345 1373 1406 videam.
1443 1345 1615 1418 Quod
1654 1344 1732 1404 ita
1772 1343 2076 1405 instituere
2118 1343 2272 1416 libet,
2303 1350 2385 1414 ut,
2425 1343 2595 1404 sicuti

478 1430 671 1490 omnis
696 1430 840 1509 ejuS,
865 1430 962 1508 qui
986 1430 1324 1491 historicam
1350 1431 1598 1510 aliquam
1623 1447 1747 1489 rem
1762 1429 1952 1507 aliquo
1977 1428 2157 1489 modo
2174 1435 2418 1489 tractare
2442 1427 2592 1499 velit,

478 1533 574 1575 ars
608 1514 833 1582 duabus
864 1513 1243 1593 potissimum
1277 1515 1440 1576 hisce
1463 1515 1724 1593 partibus
1752 1521 2001 1585 constat,
2032 1519 2177 1587 tum,
2206 1520 2273 1573 ut
2296 1520 2591 1574 externam

478 1599 770 1678 quandam
799 1617 998 1660 rerum
1028 1599 1307 1678 deinceps
1338 1607 1636 1677 gestarum
1678 1597 2158 1677 consequentiam
2195 1604 2253 1657 et
2292 1598 2593 1659 universa-

477 1684 595 1744 lem
626 1684 936 1765 quendam,
969 1702 1086 1762 quo
1119 1685 1314 1745 omnia
1343 1684 1568 1763 singula
1599 1690 1827 1757 coeant,
1858 1682 2143 1744 ambitum
2173 1682 2422 1756 efficere,
2449 1690 2595 1755 tum,

480 1775 544 1828 ut
572 1768 810 1840 ethicaS,
842 1776 1087 1847 propter
1116 1787 1260 1847 quas
1291 1788 1388 1830 res
1420 1777 1615 1847 gestae
1642 1768 1878 1840 fuerint,
1912 1786 2119 1828 causas
2151 1768 2221 1828 ad
2248 1767 2595 1829 continuum

479 1852 769 1932 quendam
792 1870 1121 1913 connexum
1140 1861 1449 1914 contexere
1466 1854 1687 1914 calleat:
1707 1853 1958 1914 eundem
1976 1853 2038 1912 in
2051 1852 2296 1912 modum
2313 1851 2596 1914 Nostrum

480 1955 913 1998 examinemus:

569 2023 628 2097 1)
690 2022 890 2094 Qualis
935 2021 1015 2082 sit
1063 2023 1126 2082 in
1175 2023 1489 2084 universali
1527 2022 1781 2101 quodam
1836 2039 2032 2082 rerum
2086 2038 2324 2082 suarum
2377 2020 2599 2082 ambitu

693 2106 1093 2166 construendo
1110 2127 1125 2180 3

564 2189 628 2264 2)
690 2190 874 2268 qualis
906 2194 983 2250 sit
1011 2191 1072 2250 in
1103 2191 1309 2252 ethicis
1342 2190 1535 2252 causis
1567 2190 1807 2251 materia
1840 2208 1945 2251 sua
1977 2189 2392 2269 exprimendis.

650 2274 917 2336 Priorem
941 2274 1137 2336 locum
1167 2276 1244 2336 ita
1280 2276 1561 2348 tractabo,
1613 2282 1680 2336 ut
1709 2293 1856 2353 quae
1893 2274 2112 2336 fuerint
2146 2275 2328 2336 trium
2367 2281 2599 2353 tragoe-

481 2357 726 2433 diarum,
759 2378 903 2438 quas
934 2360 1163 2438 trilogia
1195 2378 1328 2421 cum
1359 2361 1558 2421 Persis
1591 2360 1823 2439 junctas
1864 2360 2050 2421 fuisse
2091 2379 2122 2421 a
2154 2360 2456 2421 Welckero
2499 2358 2601 2419 de-

479 2450 875 2506 monstratum
899 2452 990 2505 est
1008 2448 1032 2485 1
1048 2446 1130 2519 ⁰),
1160 2452 1506 2524 argumenta
1529 2445 1772 2523 singula,
1796 2452 1986 2523 etqua
2008 2462 2206 2505 rerum
2232 2459 2602 2522 consequen-

479 2527 559 2588 tia
589 2546 654 2588 ea
687 2528 1075 2602 cohaeserint,
1108 2547 1409 2607 quaeram3
1441 2530 1686 2591 alterum
1711 2529 1809 2602 ita,
1841 2537 1924 2601 ut,
1959 2528 2260 2608 quomodo
2283 2526 2603 2591 necessita-

480 2619 598 2672 tem
629 2611 782 2674 illam
805 2613 1082 2691 tragicam
1115 2621 1173 2674 et
1201 2614 1430 2693 singula
1462 2614 1586 2693 ejus
1618 2620 1921 2674 momenta
1950 2613 2063 2675 illis
2085 2614 2264 2674 rebus
2286 2614 2464 2693 gestis
2496 2631 2600 2675 ex·-

468 2697 778 2780 prqsserit,
825 2697 1186 2776 investigem.
1231 2700 1420 2760 Porro
1445 2705 1705 2777 apparet,
1733 2698 1915 2776 priori
1934 2698 2064 2759 loco
2088 2698 2198 2760 illis
2222 2697 2601 2777 potissimum

480 2783 768 2859 prooemii
799 2782 942 2844 locis
973 2783 1457 2862 respondendum
1479 2802 1631 2857 esse,
1664 2783 1877 2861 quibus
1894 2783 2206 2862 mythicam
2232 2783 2600 2862 gravitatem:

481 2865 662 2926 altero
691 2874 882 2928 autem
912 2867 1039 2940 illis,
1068 2868 1279 2947 quibus
1303 2868 1619 2946 mythicam
1647 2868 1804 2929 illam
1827 2868 2167 2947 religionem
2187 2868 2272 2928 rei
2294 2867 2603 2931 historicae

484 2949 687 3010 deesse
718 2951 854 3010 dixi.
908 2952 1176 3011 Ceterum
1209 2970 1331 3024 eoS,
1362 2952 1462 3029 qui
1491 2953 1646 3014 forte
1675 2953 1739 3013 in
1767 2952 1917 3013 hanc
1946 2952 2420 3014 dissertationem
2453 2950 2603 3012 inci-

483 3033 694 3103 derint,
725 3035 1111 3095 cummaxime
1140 3053 1301 3096 nunc
1329 3034 1591 3095 monitos
1621 3036 1811 3108 velim,
1852 3044 1917 3096 ut
1944 3055 2072 3096 eam
2103 3037 2433 3098 humaniter
2462 3054 2601 3114 per-

481 3116 670 3197 legere
699 3136 820 3179 non
857 3119 1260 3199 dedignentur,
1303 3119 1672 3198 habeantque
1710 3119 1926 3198 ingenii
1968 3122 2085 3182 mei
2124 3129 2182 3182 et
2211 3121 2507 3195 scientiae,
2549 3120 2602 3181 si

482 3201 620 3281 quid
650 3203 1013 3284 deliquerim,
1045 3204 1381 3266 benevolam
1412 3202 1723 3266 rationem.

1440 3574 1573 3636 Cn.
1604 3575 1647 3635 Ι.

658 3674 718 3750 1)
759 3672 1034 3735 Phineu
1052 3693 1081 3734 s
1120 3674 1372 3736 fabula.
1426 3676 1794 3755 Argonautae
1845 3676 2179 3739 Colchidem
2230 3685 2491 3759 petentes
2524 3679 2598 3742 ad

485 3777 552 3820 ea
577 3756 858 3819 Thraciae
880 3757 1106 3819 climata
1129 3759 1525 3836 devertuntur,
1554 3760 1767 3839 quibus
1784 3759 2042 3823 Phineus
2064 3763 2402 3843 imperabat.
2447 3764 2600 3827 Eum

621 3927 702 3991 10)
737 3926 1047 3978 Welcker
1068 3926 1232 3977 Prom.
1260 3942 1307 3992 p.
1323 3928 1613 3979 470—481.
1639 3926 1715 3979 Cf.
1746 3929 1896 3980 otiam
1932 3946 2058 3996 quae
2091 3931 2152 3982 0.
2184 3930 2493 3983 Miillorut
2534 3933 2599 3983 do

482 3995 670 4113 eadssn8
687 4011 743 4045 ro
778 3995 1020 4046 disseruit
1049 3993 1174 4059 Eph.
1224 3994 1362 4046 Gott.
1401 3995 1549 4046 1827.
1598 3995 1663 4048 N.
1697 3995 1780 4048 68.
1817 4005 1870 4050 et
1901 3996 2175 4049 Klauson
2218 4000 2377 4050 theol.
2411 4000 2597 4051 Aetoli.

487 4078 544 4128 p.
676 4099 689 4113 .
