2867 4717
967 439 1220 494 Lesbio
1254 439 1610 495 historico.
2317 440 2387 494 65

262 617 419 678 quae
448 613 547 659 res
576 595 778 657 incidit
804 595 866 656 in
906 596 1297 657 sacerdotium
1328 596 1644 676 Chrysidis.
1704 596 1981 676 Sequitur
2008 602 2076 658 ut
2101 602 2222 658 tres
2250 602 2386 659 tan-

259 691 394 744 tum
436 681 614 743 huius
654 678 851 759 operis
890 679 1023 740 libri
1061 680 1306 754 fuerint,
1349 698 1604 761 quorum
1634 680 1861 761 primus
1894 681 2388 760 complectebatur

261 775 536 846 tempora
572 766 865 837 fabulosa,
903 765 1046 826 alter
1085 766 1463 843 migrationes
1493 767 1869 844 potissimum
1910 773 2083 845 atque
2123 766 2383 828 colonias
2411 781 2464 824 δι

262 852 617 931 exposuisse
653 850 910 921 videtur,
949 849 1154 911 tertius
1195 851 1266 911 ad
1308 850 1498 929 ipsius
1527 850 1804 912 Hellanici
1831 859 2071 912 aetatem
2101 860 2160 913 et
2188 869 2389 913 sacer-

264 936 425 997 dotia
455 934 752 1015 Chrysidis
789 941 960 1013 atque
988 934 1344 996 Phaennidis
1377 927 1666 996 deductus
1697 942 1840 996 erat.
1898 936 2224 998 Plurimum
2246 954 2386 997 vero

265 1039 484 1100 operae
523 1021 696 1081 etiam
736 1018 831 1079 his
868 1019 930 1079 in
967 1018 1132 1080 libris
1173 1020 1235 1080 in
1260 1019 1471 1081 fabulis
1501 1026 1675 1099 atque
1705 1021 2017 1099 generibus
2047 1020 2385 1083 enarrandis

261 1105 532 1184 positum
561 1105 750 1165 fuisse
778 1103 1093 1183 suspicere.

1051 1255 1099 1305 b.
1149 1254 1595 1305 Carueonicae.

439 1341 614 1415 Quod
645 1341 707 1400 in
739 1339 1061 1401 civitatibus
1091 1340 1337 1412 factum,
1374 1339 1532 1400 idem
1563 1339 1626 1399 in
1655 1340 2069 1402 certaminibus
2102 1342 2384 1422 gymnicis

261 1434 443 1505 atque
475 1426 717 1487 musicis
749 1424 1022 1498 obtinuit3
1044 1442 1320 1485 recensus
1351 1424 1640 1494 ‚victorum
1660 1424 2032 1503 temporibus
2058 1433 2214 1487 certa
2236 1427 2387 1488 serie

261 1510 578 1590 descriptis
618 1509 838 1570 conditi
877 1518 1018 1570 sunt
1054 1527 1272 1589 eosque
1301 1509 1509 1569 deinde
1540 1509 1814 1587 operibus
1848 1509 1972 1570 suis
2001 1510 2387 1572 fundamento

260 1602 595 1674 posuerunt
631 1594 925 1666 historici,
968 1612 1219 1672 quorum
1264 1611 1512 1671 operum
1544 1593 1723 1654 multa
1754 1594 2161 1672 pertinuerunt
2189 1596 2260 1656 ad
2292 1597 2386 1656 hi-

260 1680 526 1741 storiam·
544 1677 685 1739 artis
716 1678 991 1750 musicae,
1022 1696 1072 1737 v.
1104 1677 1358 1739 Mueller.
1389 1678 1526 1739 Dor.
1550 1678 1596 1750 Ι,
1620 1696 1678 1757 p.
1709 1677 1847 1739 130.
1893 1678 1989 1739 Sic
2009 1679 2160 1740 inter
2179 1698 2385 1741 recen-

256 1764 443 1825 tiores
473 1763 856 1824 Dicaearchus
888 1769 945 1823 et
972 1762 1306 1823 Heraclides
1335 1762 1648 1835 PonticuS‚
1677 1761 1831 1838 inter
1859 1763 2216 1842 antiquiores
2245 1765 2387 1826 Hel-

257 1848 509 1918 lanicuS,
542 1848 641 1926 qui
671 1848 732 1907 in
761 1848 878 1907 hoc
905 1865 1053 1908 usus
1084 1854 1207 1907 erat
1234 1846 1448 1907 tabulis
1480 1846 1928 1924 Spartanorum,
1962 1848 2176 1926 quibus
2197 1849 2385 1910 victo·

256 1950 357 1994 res
401 1934 761 1994 Carneorum
801 1931 1273 2010 perscripseram
1315 1930 1451 1990 inde
1496 1931 1568 1992 ab
1614 1930 1702 1991 Ol.
1745 1931 1846 1991 26.
1889 1966 1971 1975 -
2010 1931 2234 1993 Citatur
2272 1934 2387 1993 hoc

238 2035 418 2095 -opus
451 2035 545 2094 ap.
577 2017 782 2077 Athen.
824 2015 962 2084 xlv,
994 2034 1053 2093 p.
1086 2014 1208 2077 635
1248 2014 1309 2075 E
1348 2010 1433 2075 τὰ
1476 2007 1776 2095 Κάρνεια
1818 2011 2080 2097 πρῶτος
2122 2010 2387 2079 πάντων

268 2095 695 2184 Τέρπανδρος
714 2096 882 2183 νικᾷ,
918 2092 1007 2172 ὥς
1020 2092 1186 2161 Ἑλλ.
1213 2089 1464 2183 ἱστορεῖ
1484 2090 1551 2160 ἔν
1571 2119 1644 2160 τε
1664 2099 1806 2175 τοῖς
1827 2093 2177 2182 ἐμμέτροις
2198 2102 2383 2184 Καρ-

259 2179 592 2258 νεονίκαις
611 2176 734 2246 κᾶν
754 2184 895 2258 τοῖς
915 2177 1387 2267 καταλογάδην.
1434 2184 1517 2244 De
1536 2202 1600 2245 re
1620 2185 1693 2244 cf.
1719 2185 1903 2246 Plehn
1916 2184 2084 2245 Lesb.
2099 2205 2159 2264 p.
2177 2187 2384 2247 141-

244 2269 408 2332 .165.
473 2270 673 2331 Cetera
698 2269 943 2330 Vossius
969 2269 1175 2347 aliique
1205 2269 1275 2328 de
1314 2269 1597 2343 carmine,
1641 2268 1850 2347 quibus
1879 2269 2210 2331 Hellanicus
2244 2271 2385 2332 Car-

259 2355 644 2416 neonicarum
665 2354 908 2414 virtutes
941 2351 1324 2425 celebraverit,
1347 2353 1830 2431 interpretantur3
1856 2354 2120 2415 Sturzius
2141 2354 2234 2415 illa
2251 2373 2384 2416 ver-

259 2440 334 2500 ba
364 2430 435 2499 ἕν
461 2457 534 2499 τε
561 2438 700 2514 τοῖς
738 2431 1085 2519 ἐμμέτροις
1113 2444 1219 2497 cet.
1251 2437 1322 2497 ad
1356 2438 1764 2516 Terpandrum
1794 2438 1989 2508 refert,
2021 2439 2179 2518 quod
2205 2456 2381 2500 nemo

258 2540 384 2584 non
408 2523 567 2583 videt
585 2523 861 2601 frigidum
885 2541 1035 2582 esse.
1080 2521 1266 2582 Etiam
1292 2521 1505 2582 Suidas
1529 2513 1961 2598 vaMcinxog
1981 2542 2112 2585 eum
2135 2525 2384 2602 plurima

259 2608 520 2687 pedestri
543 2625 833 2678 sermone,
865 2606 967 2667 sed
990 2605 1274 2667 nonnulla
1303 2607 1676 2688 ποιητικῶς
1696 2606 2008 2685 scripsisse
2030 2615 2295 2681 testatur,
2320 2618 2387 2671 ut

260 2693 507 2754 dubium
537 2710 659 2754 non
690 2692 768 2753 sit
794 2691 935 2769 quin
960 2709 1194 2752 carmen
1219 2691 1291 2751 de
1315 2690 1689 2752 Carneonicis
1712 2691 1825 2751 sub
1844 2692 2084 2752 nomine
2105 2693 2385 2754 Hellanici

260 2778 420 2857 apud
450 2777 803 2837 recentiores
835 2775 1238 2836 circumlatum
1271 2776 1350 2835 sit
1377 2782 1437 2835 et
1463 2781 1695 2853 praeter
1718 2774 1774 2835 id
1799 2775 2065 2852 prosaica
2090 2776 2160 2836 de
2181 2778 2382 2839 eadem

259 2881 325 2923 re
349 2861 785 2934 commentatio,
808 2878 982 2939 quam
1003 2878 1111 2937 ego
1134 2859 1447 2937 genuinam
1464 2858 1647 2920 fuisse
1670 2859 2033 2933 crediderim,
2059 2869 2121 2922 ut
2138 2861 2381 2924 alterum

259 2947 421 3008 illum
439 2946 654 3006 librum
674 2945 1084 3024 grammaticus
1106 2942 1332 3021 aliquiS,
1356 2951 1421 3003 ut
1442 2943 1670 3005 amabat
1686 2944 2208 3006 Alexandrinorum
2228 2953 2384 3008 aetas

263 3030 523 3096 carmina
565 3031 734 3091 docta
767 3038 939 3109 atque
968 3028 1248 3090 didactica
1276 3044 1556 3106 pangere,
1595 3029 1666 3089 ad
1696 3029 2080 3090 imitationem
2111 3031 2386 3092 Hellanici

263 3114 660 3176 elaboraverit.
706 3114 943 3175 Praeter
972 3114 1132 3174 illum
1160 3113 1354 3173 locum
1380 3112 1533 3173 idem
1561 3131 1712 3191 opus
1737 3113 2046 3174 adhibetur
2068 3134 2159 3194 ap.
2186 3115 2383 3178 Schol.

262 3201 443 3261 Arist.
477 3201 579 3260 Av.
613 3219 664 3258 v.
705 3197 865 3260 1403
898 3198 1018 3274 (ubi
1050 3216 1159 3275 pro
1193 3195 1603 3276 Κραναικοῖς
1630 3197 2001 3258 scribendum
2034 3218 2168 3259 esse
2194 3199 2385 3283 Καρ-

261 3275 594 3356 νεονίκαις
633 3283 773 3344 vidit
811 3283 1030 3344 Cordes
1071 3301 1163 3360 ap.
1193 3282 1418 3342 Dahlm.
1441 3283 1573 3357 88).
1615 3282 1688 3358 de
1724 3282 1939 3343 Arione
1979 3283 2381 3364 Methymnaeo

261 3371 585 3429 chororum
619 3368 933 3448 cycliorum
964 3366 1285 3427 conditore.

438 3640 593 3700 Haec
619 3640 899 3699 hactenus
932 3638 1002 3698 de
1030 3636 1274 3714 singulis
1298 3636 1574 3698 Hellanici
1606 3635 1901 3715 operibus,
1927 3637 2137 3715 quibus
2160 3637 2220 3697 in
2244 3656 2383 3717 per·
2417 3660 2470 3701 52

263 3723 578 3803 sequendis
610 3722 782 3784 simul
812 3722 953 3782 illud
985 3720 1125 3781 mihi
1157 3730 1361 3783 nactus
1393 3740 1526 3781 esse
1552 3721 1774 3793 videor,
1804 3728 1872 3782 ut
1900 3722 2035 3800 quid
2067 3722 2128 3783 in
2148 3722 2381 3784 univer-

265 3825 401 3869 sum
445 3809 518 3869 de
545 3808 765 3869 Nostro
807 3807 1180 3867 iudicandum
1225 3805 1520 3878 videatur,
1561 3824 1733 3884 quem
1764 3805 1919 3867 inter
1942 3806 2256 3868 historicos
2288 3808 2383 3867 lo-

265 3911 400 3954 cum
432 3892 670 3965 habeat,
713 3891 850 3971 quid
892 3890 1187 3963 meruerit,
1218 3891 1355 3969 quid
1388 3890 1796 3969 imperfectum
1828 3890 2154 3969 reliquerit,
2190 3892 2379 3971 magis

403 4057 489 4120 88)
527 4055 619 4120 [ef.
643 4059 989 4110 Schneidewin
1018 4060 1078 4109 de
1104 4058 1235 4108 Laso
1261 4057 1611 4110 Hermionensi
1635 4075 1716 4125 pg.
1746 4059 1841 4121 11].

371 4134 617 4186 Preller,
645 4151 828 4194 ausgew.
854 4137 1069 4181 Aufsstze.
1946 4144 1976 4192 5
