2867 4717
489 402 559 455 80
1072 400 1536 467 Quaestiones
1587 399 1664 453 de
1711 399 2018 456 historia

658 556 998 635 Sequuntur
1037 563 1334 636 excerpta,
1378 573 1505 617 non
1541 561 1735 618 totum
1774 555 1990 618 librum
2030 557 2332 637 complexa
2350 604 2364 630 ‚
2404 557 2611 619 ordine

489 642 799 703 verborum
830 647 1071 702 mutato.
1132 640 1306 701 Vides
1338 659 1471 700 vero
1504 659 1661 713 eam,
1692 659 1840 719 quae
1870 659 2032 702 nune
2060 650 2275 715 exstat,
2308 642 2608 721 epitomen

488 726 805 789 Herodiani
832 726 1004 804 longe
1033 726 1272 788 meliore
1302 725 1415 785 fide
1443 725 1624 790 tribui
1656 725 1996 787 Theodosio
2028 745 2205 805 quam
2236 727 2506 790 Arcadio.

659 811 893 872 Praeter
937 817 1206 889 excerpta
1235 810 1527 881 LaseariS,
1566 810 1626 870 in
1665 811 1962 871 nonnullis
2005 830 2038 871 a
2066 817 2227 872 textu
2258 812 2486 891 vulgato
2519 812 2609 873 di-

489 915 673 968 versa,
707 896 813 956 alia
844 915 913 955 ex
942 895 1150 955 eodem
1180 894 1329 955 libro
1360 899 1628 973 excerpta
1657 894 1929 972 leguntur
1948 896 2056 956 Ms.
2081 915 2138 974 p.
2171 895 2246 956 19
2269 914 2380 974 sq„
2404 895 2474 957 ad
2507 914 2612 956 so-

488 982 721 1041 lennem
754 979 909 1039 illam
934 979 1347 1058 quaestionum
1378 978 1632 1039 formam
1668 997 1969 1059 expressa,
2004 975 2120 1040 διὰ
2162 973 2239 1042 τί
2255 980 2466 1060 χεῖρες
2491 973 2613 1058 μὲν

490 1057 887 1146 βαρυτόνως,
947 1055 987 1146 ἡ
1052 1058 1126 1123 δὲ
1170 1058 1389 1146 γενικὴ
1440 1054 1651 1123 αὐτῶν
1692 1060 1951 1144 χειρῶνς
2008 1071 2066 1124 et
2108 1064 2345 1136 similia,
2397 1064 2608 1143 quibus

490 1149 696 1210 deinde
723 1165 1013 1227 responsa
1042 1147 1388 1208 adiiciuntur
1418 1166 1487 1207 ex
1519 1147 1762 1208 Arcadio
1793 1167 1852 1227 p.
1890 1147 2008 1209 133
2027 1193 2041 1219 ‚
2084 1148 2160 1207 21
2198 1167 2325 1228 sqq.
2382 1148 2610 1209 Ibidem

487 1234 758 1312 leguntur
786 1234 944 1305 haee,
975 1251 1121 1311 quae
1148 1232 1366 1293 frustra
1390 1250 1635 1311 quaeras
1659 1232 1717 1292 in
1742 1232 2008 1307 Arcadio,
2030 1234 2134 1293 sed
2159 1234 2398 1293 meliore
2418 1233 2611 1294 forma

394 1384 397 1386 Α
489 1318 861 1379 inveniuntur
899 1316 1053 1395 apud
1099 1315 1379 1377 Ioannem
1412 1316 1865 1377 Alexandrinum
1903 1335 2032 1395 pag.
2066 1318 2102 1376 5
2143 1317 2416 1378 Dindorf:
2467 1313 2611 1379 Διά

489 1394 560 1463 τί
609 1398 689 1465 τὸ
738 1398 943 1483 μῆλον
999 1397 1455 1504 περισπᾶταις
1508 1397 1697 1460 πᾶσα
1751 1394 1950 1485 φύσει
1994 1397 2216 1482 μακροὶ
2261 1396 2396 1482 πρὸ
2441 1402 2608 1483 βρα-

489 1479 673 1566 χείας
725 1482 1040 1570 ληκτικῆς
1095 1505 1164 1547 εν
1217 1476 1314 1546 ἑνὶ
1366 1479 1558 1564 μέρει
1600 1479 1799 1565 λόγου
1844 1472 2014 1547 οὖσα
2058 1481 2174 1548 καὶ
2216 1477 2330 1569 ἐφ’
2377 1477 2613 1588 ἑαυτῆς

490 1565 730 1648 ἔχουσα
783 1566 898 1631 τὸν
946 1564 1139 1631 τόνον
1190 1566 1637 1654 περισπᾶται,
1692 1556 1833 1632 οἷον
1884 1566 2125 1653 κῆπος,
2184 1567 2418 1650 λῶρος·
2486 1564 2610 1630 κᾶν

492 1649 596 1740 εἴη
665 1651 739 1717 δὲ
789 1649 904 1717 ἐπὶ
959 1649 1187 1727 τέλους
1240 1644 1279 1736 ἦ
1338 1656 1412 1714 ὀΐι
1466 1648 1583 1714 καὶ
1633 1656 1706 1714 οἳ
1760 1646 2163 1737 ὁίφθογγος,
2222 1648 2331 1715 ὅτι
2389 1650 2609 1716 κοιναὶ

494 1731 691 1804 οὖσαι
748 1733 866 1800 καὶ
918 1729 1156 1841 ἄλογοι
1205 1731 1319 1798 καὶ
1367 1727 1515 1798 ἀντὶ
1557 1732 1869 1818 βραχείας
1913 1732 2608 1820 παραλαμβανόμεναι,

416 1845 466 1885 15
492 1817 571 1888 ού
614 1818 943 1886 κωλύουσι
987 1842 1103 1885 τον
1145 1815 1769 1925 προπερισπασμόν,
1813 1819 2083 1901 μοῦσαι,
2128 1820 2341 1898 νῶτοι,
2390 1809 2608 1903 οὖροι·

489 1905 568 1972 τὸ
620 1905 844 1989 μέντοι
905 1899 1059 1969 εἴθε
1120 1927 1238 1968 και
1288 1927 1469 1983 ναιχι
1519 1900 1741 1969 οὐκέτι
1790 1905 2377 1988 προπερισπᾶται,
2444 1897 2612 1968 ἀλλὰ

489 1988 960 2078 παροξύνεται·
1017 1984 1170 2053 κατ’
1223 1985 1580 2054 ἕπέκτασιν
1638 1986 1760 2071 γὰρ
1818 1987 2131 2072 γεγονότα
2180 1989 2298 2053 τοῦ
2340 1987 2452 2052 ναὶ
2494 1986 2612 2051 καὶ

489 2076 603 2141 τοῦ
660 2071 720 2139 εἰ
760 2073 892 2138 τῶν
935 2070 1387 2157 ἕντελεστέρων
1431 2069 1763 2159 ἐφύλαξαν
1803 2074 1958 2150 τούς
1999 2070 2255 2156 τόνους,
2313 2077 2384 2138 cf.
2427 2076 2606 2136 Bekk.

493 2162 707 2223 Aneed.
736 2181 794 2239 p.
836 2161 1011 2221 1161.
1044 2195 1130 2203 —--
1159 2160 1281 2220 Alia
1313 2167 1607 2238 excerpta,
1638 2160 1850 2237 partim
1883 2161 2153 2221 uberiora
2184 2160 2431 2224 Arcadio
2461 2160 2609 2221 Bar-

493 2248 646 2315 keri‚
688 2246 788 2306 sed
821 2263 967 2323 quae
994 2244 1234 2304 nonnisi
1272 2251 1528 2304 extrema
1558 2244 1732 2305 huius
1763 2244 1894 2305 libri
1926 2245 2113 2324 capita
2143 2240 2300 2326 περὶ
2342 2238 2607 2326 χρόνων,

493 2324 651 2412 περὶ
695 2322 1086 2408 πνευμάτων
1114 2347 1171 2407 p.
1212 2328 1541 2389 192—200
1572 2329 1741 2389 Bark.
1777 2330 2076 2407 attingant,
2108 2330 2380 2407 leguntur
2409 2329 2470 2389 in
2500 2330 2606 2389 Ms.

493 2435 550 2493 p.
581 2414 852 2475 25—29.
913 2414 1175 2492 Denique
1204 2412 1406 2492 paucis
1439 2430 1650 2490 augere
1678 2414 1811 2474 licet
1841 2431 2096 2475 canones
2126 2414 2274 2485 illos,
2306 2431 2457 2492 quos
2483 2412 2607 2473 edi-

494 2500 577 2559 dit
607 2500 783 2559 Bekk.
815 2498 1030 2558 Aneed.
1063 2517 1118 2577 p.
1159 2497 1319 2558 1159
1350 2504 1409 2557 et
1439 2497 1647 2558 Goettl.
1683 2498 1978 2559 Theodos.
2011 2518 2068 2577 p.
2108 2498 2256 2571 1983
2298 2498 2395 2577 qui
2429 2514 2609 2558 eano-

491 2602 598 2645 nes
629 2584 898 2661 leguntur
928 2583 987 2642 in
1019 2582 1124 2641 Ms.
1155 2581 1301 2659 Hbg.
1333 2601 1392 2659 p.
1430 2583 1525 2654 15,
1558 2582 1817 2659 primum
1842 2602 1908 2643 ea
1929 2582 2141 2655 forma,
2166 2601 2340 2661 quam
2364 2601 2609 2660 expres-

494 2670 572 2729 sit
598 2668 924 2740 Bekkerus‚
955 2666 1161 2727 deinde
1192 2667 1385 2738 altera,
1417 2666 1518 2726 ubi
1549 2667 1781 2767 quintae
1809 2667 2059 2744 regulae,
2089 2664 2282 2729 πᾶσα
2312 2658 2611 2749 δίφθογ-

493 2771 608 2833 γος
648 2747 871 2835 τελικὴ
919 2743 1014 2825 εἰς
1057 2754 1098 2813 ἱ).
1139 2744 1432 2834 λήγουσα
1478 2769 1594 2811 και
1639 2743 1752 2833 ἐφ’
1799 2742 2033 2834 ἑαυτῆς
2077 2743 2319 2828 ἔχουσα
2354 2746 2469 2811 τὸν
2494 2744 2613 2811 τό-

490 2857 601 2899 νον
654 2833 1093 2917 περισπᾶται.
1157 2870 1244 2880 --—
1309 2827 1756 2918 σεσημείωται
1814 2828 1996 2915 τρία,
2069 2828 2243 2911 ἰδού,
2319 2828 2450 2910 ἰού,
2512 2825 2609 2908 ου’,

494 2920 761 2981 adiicitur
800 2927 1208 2997 argumentum
1250 2919 1460 2991 hoece,
1501 2939 1530 2980 a
1562 2920 1824 2980 Bekkero
1866 2921 2375 3000 praetermissum:
2415 2935 2612 3002 σεση-

491 2996 772 3081 μείωται
819 2996 887 3063 ἒν
928 2999 1024 3083 τῷ
1066 2995 1239 3083 λόγῳ
1284 2994 1457 3081 τρία,
1501 2998 1580 3065 τὸ
1609 2996 1756 3064 ἰδού
1788 3000 2122 3066 δεικτικὸν
2150 2996 2502 3105 ἐπίρρημα,
2533 2998 2614 3064 τὸ

494 3080 599 3150 zm>
650 3081 1173 3164 σχετλιαστικόν,
1228 3080 1346 3146 καὶ
1398 3081 1477 3147 τὸ
1535 3076 1613 3147 oi?
1666 3079 1892 3167 ἅπαγο
1934 3083 2218 3150 ευτικόν·
2275 3108 2389 3148 και
2443 3078 2611 3167 ὑπὲρ

472 3166 738 3234 τούτων
784 3166 858 3233 δὲ
898 3168 1027 3233 τῶν
1069 3171 1271 3252 τριῶν
1300 3161 1670 3251 ἀπολογίας
1698 3192 1886 3275 προφ
1922 3190 2113 3254 ρουσι
2142 3167 2446 3246 πιθανὰς
2470 3164 2613 3273 μέν,

494 3248 613 3318 ούκ
658 3249 944 3339 ἀσαφεῖς
988 3250 1087 3317 δέ·
1141 3251 1219 3318 τὸ
1268 3251 1389 3337 γὰρ
1437 3247 1617 3333 ἰδού,
1677 3273 1913 3340 φασιν,
1971 3250 2210 3339 ἐγείρει
2251 3253 2366 3317 τὸν
2406 3275 2613 3329 τονον,

492 3335 734 3422 ἐπειδὴ
801 3335 915 3400 καὶ
985 3332 1051 3401 οἶ
1119 3334 1526 3414 δεικνύοντός
1574 3361 1725 3402 τινα
1776 3337 1889 3404 τὸν
1943 3335 2264 3403 δάκτυλον
2324 3334 2464 3418 ἅμα
2515 3334 2616 3422 τῷ

493 3418 668 3508 λόγῳ
721 3417 1229 3505 συνεγείρουσιν·
1285 3418 1659 3504 ἐμιμήσατο
1711 3418 1929 3487 τοίνυν
1974 3417 2009 3488 ὁ
2054 3418 2243 3498 τόνος
2284 3421 2404 3487 τοῦ
2448 3420 2616 3485 δακ-

492 3500 687 3569 τύλου
739 3503 819 3568 τὸ
870 3505 1104 3589 σχῆμα.
1159 3503 1237 3569 τὸ
1294 3502 1369 3569 δὲ
1411 3501 1515 3582 οῗί,
1568 3504 1868 3589 παρόσον
1912 3501 1978 3572 οἳ
2023 3502 2410 3590 ἀρνούμενοι
2453 3500 2618 3569 α’να-

491 3586 752 3653 νεύουσί
792 3611 866 3652 τε
908 3589 1023 3652 καὶ
1066 3588 1184 3675 τὴν
1229 3581 1394 3673 ὄψιν
1438 3585 1920 3695 ἕπεγείρουσιν·
1965 3590 2043 3656 τὸ
2077 3589 2152 3656 δὲ
2183 3587 2282 3656 ἶού
2315 3589 2614 3671 σχετλια-

494 3669 721 3739 στικόν
765 3670 960 3751 ἐστιν,
1008 3669 1097 3750 ὥς
1140 3694 1377 3761 φασιν·
1426 3668 1462 3739 ὃ
1508 3673 1584 3738 δε
1627 3675 2063 3758 σχετλιασμὸς
2103 3674 2390 3761 ψυχικὸν
2430 3673 2623 3759 δηλοῖ

492 3756 757 3905 {td-209·
805 3752 882 3825 ού
926 3754 1210 3836 σώζεται
1258 3755 1334 3822 δὲ
1376 3754 1446 3828 ἐν
1487 3760 1630 3835 τοῖς
1673 3755 1974 3825 πάθεσιν
2018 3754 2255 3844 ἀλογία
2285 3763 2345 3842 (Ι.
2377 3752 2417 3844 ἦ
2450 3754 2617 3823 ἅνα-

536 3848 731 3926 ογια).
