2867 4717
1495 883 2194 1084 ἕ-ἔᾶωιῖμω
2247 940 2692 1115 styma

1232 1253 1338 1315 VI.

456 1392 567 1474 DE
617 1390 742 1471 le
795 1389 1040 1473 SACRA
1087 1391 1501 1473 ELEUSlNlA
1551 1390 2024 1474 msPUTATffl
2074 1394 2126 1472 l.

213 1660 393 1725 (Iudex
422 1661 709 1711 scholarum
738 1662 788 1711 in
816 1663 1148 1712 universitate
1177 1662 1429 1714 litteraria
1460 1663 1710 1714 Caesarea
1737 1663 2038 1728 Dorpatensi
2065 1679 2156 1728 per
2180 1679 2339 1714 seme-

213 1737 328 1780 stre
357 1729 502 1795 prius
537 1730 653 1779 anni
688 1729 1023 1780 MDCCCXLI
1060 1730 1410 1781 habendarum.
1460 1731 1697 1797 Dorpati,
1734 1747 1799 1781 ex
1834 1728 2032 1781 officina
2063 1732 2342 1782 academica

857 1796 895 1847 Ι.
923 1797 977 1849 C.
1005 1798 1339 1849 Schiinmanui
1365 1799 1559 1849 viduae.
1597 1799 1701 1862 4⁰).

398 2030 447 2108 V
450 2047 532 2108 ias
576 2065 772 2108 sacras
803 2054 1025 2109 veteres
1059 2048 1433 2127 appellabant
1462 2048 1741 2128 quidquid
1772 2047 1997 2109 viarum
2026 2048 2207 2109 sacris
2241 2066 2343 2108 so-
2372 2069 2397 2107 3

215 2132 480 2193 lenuiter
507 2131 810 2204 faciendiS‚
843 2132 1081 2211 pompis
1114 2134 1398 2195 ducendis
1432 2133 1788 2195 similibusve
1809 2133 2113 2211 religiosae
2137 2133 2344 2195 obser-

212 2216 471 2278 vationis
502 2216 874 2277 documentis
906 2236 1137 2279 sacrum
1167 2226 1339 2298 atque
1369 2219 1589 2279 celebre
1618 2225 1757 2279 erat.
1815 2218 1883 2279 ln
1905 2218 2065 2292 ltalia
2089 2226 2221 2279 ante
2246 2237 2342 2279 ce-

213 2310 378 2362 teras
410 2300 625 2361 nobilis
656 2308 779 2363 erat
800 2301 1081 2375 Romana,
1115 2322 1226 2382 qua
1250 2322 1415 2365 sacra
1439 2310 1729 2383 quotquot
1751 2302 2051 2364 mensibus
2074 2302 2343 2364 fereban-

214 2394 317 2447 tur
373 2386 435 2447 in
492 2404 681 2447 arcem
728 2393 786 2446 et
827 2405 934 2464 per
977 2406 1150 2467 quam
1197 2406 1447 2466 augures
1493 2408 1563 2449 ex
1609 2406 1739 2449 arce
1781 2388 2032 2466 profecti
2078 2387 2348 2449 solebant

216 2471 601 2548 inaugurare,
649 2477 713 2531 ut
742 2470 821 2530 ait
859 2470 1036 2532 Varro
1070 2472 1142 2532 de
1167 2472 1307 2550 ling.
1338 2474 1432 2533 lat.
1465 2473 1538 2546 V,
1579 2474 1659 2532 47
1691 2473 1781 2532 ed.
1812 2472 2077 2546 Mueller„
2107 2472 2195 2532 vel
2227 2490 2342 2550 quo

217 2556 431 2616 itinere
476 2555 784 2615 utebantur
833 2557 1167 2617 sacerdotes
1212 2557 1455 2618 idulium
1497 2575 1801 2618 sacrorum
1843 2556 2345 2618 conficiendorum

218 2658 422 2712 causa,
470 2647 707 2700 auctore
752 2641 924 2701 Festo
970 2660 1022 2702 v,
1070 2660 1295 2702 sacram
1340 2642 1509 2702 viam.
1584 2643 1652 2702 In
1695 2641 1934 2701 Graecia
1980 2640 2152 2700 simili
2189 2640 2345 2700 fama

211 2723 466 2785 ‘florebat
494 2743 578 2797 ea,
611 2743 721 2803 qua
751 2725 1010 2786 Athenae
1034 2726 1541 2804 coniungebantur
1565 2744 1696 2786 cum
1724 2725 2012 2797 Eleusine,
2039 2724 2344 2785 sanctissi-

219 2810 335 2870 mis
369 2807 667 2888 mysteriis
699 2809 1173 2883 celebratissima,
1206 2811 1417 2889 quibus
1452 2828 1583 2870 cum
1614 2827 1737 2869 non
1770 2810 1963 2869 solum
1995 2808 2208 2869 civium
2236 2815 2343 2868 At-

215 2893 495 2965 ticorum,
527 2911 726 2954 verum
758 2895 933 2955 etiam
976 2901 1310 2955 exterorum
1341 2893 1618 2972 permulti
1649 2893 1962 2973 quotannis
1993 2893 2208 2954 initiari
2239 2912 2341 2953 so-

216 2979 433 3048 lerent,
476 2985 673 3038 tantus
717 2979 997 3057 splendor
1034 2985 1311 3058 tantaque
1355 2979 1605 3056 dignitas
1635 2986 1760 3039 tum
1793 2979 1854 3039 in
1886 2979 2171 3058 oppidum
2203 2978 2344 3039 illud

222 3081 488 3135 sacrum,
526 3071 651 3124 tum
683 3061 744 3122 in
774 3063 925 3123 viam
967 3081 1079 3164 qua
1108 3064 1246 3125 illuc
1273 3064 1622 3143 pergebatur
1651 3063 2106 3134 redundaverat,
2145 3069 2211 3123 ut
2238 3081 2345 3140 per

221 3147 617 3208 excellentiam
639 3154 946 3209 vocaretur
976 3143 1120 3230 ιερὰ
1145 3140 1321 3226 ὁδός,
1347 3168 1398 3208 v.
1429 3148 1711 3250 Harpocr.
1736 3167 1787 3207 v·
1814 3138 1957 3228 ἱεροὶ
1981 3139 2137 3219 ὁδός
2166 3138 2345 3207 ἐστιν

220 3218 297 3315 ἣν
354 3222 423 3291 οἶ
473 3225 723 3310 μύσται
768 3226 1167 3313 πορεύονται
1211 3225 1351 3294 ἀπὸ
1395 3234 1515 3293 τοῦ
1560 3225 1793 3305 α’στεος
1836 3222 1951 3294 ἐπ’
1990 3223 2341 3291 Ἐλευσῖνα.

221 3316 602 3394 Usurpabant
629 3323 819 3377 autem
850 3317 1003 3377 hanc
1033 3317 1180 3378 viam
1215 3336 1348 3379 cum
1380 3317 1504 3377 aliis
1536 3316 1942 3377 occasionibus
1974 3316 2179 3388 sacriS,
2215 3322 2341 3376 tum

219 3401 533 3462 Eleusiniis
575 3402 829 3479 magniS,
876 3419 1022 3480 quae
1062 3402 1123 3462 in
1164 3421 1428 3463 mensem
1460 3401 1955 3462 Boedromionem
1995 3400 2343 3472 incidebant,

223 3486 389 3547 cuius
419 3486 554 3547 festi
586 3493 720 3547 ante
756 3493 980 3547 ceteros
1013 3487 1135 3547 dies
1168 3486 1425 3548 solennis
1459 3494 1582 3559 erat
1611 3486 1693 3558 is,
1728 3484 1827 3565 qui
1863 3486 2108 3547 Iacchus
2140 3485 2342 3564 appel-

220 3569 462 3642 labatur,
494 3571 593 3649 qui
625 3578 753 3631 erat
780 3569 934 3631 illius
966 3572 1187 3632 mensis
1218 3571 1527 3631 vicesimus
1561 3563 1621 3654 (ἡ
1671 3563 1905 3649 ainaim:
1940 3589 2057 3649 quo
2090 3570 2181 3630 die
2213 3569 2341 3630 lac-

224 3655 401 3716 chum
428 3657 600 3716 deum
629 3655 1101 3734 frequentissima
1130 3675 1349 3734 pompa
1377 3656 1745 3734 maximaque
1777 3675 1908 3716 cum
1937 3655 2220 3732 religione
2251 3661 2340 3713 at-

224 3757 336 3818 que
364 3739 673 3801 festivitate
701 3739 1036 3801 Eleusinem
1068 3741 1447 3813 deducebant,
1478 3760 1528 3800 v.
1565 3740 1714 3801 Plut.
1746 3759 1798 3799 v·
1832 3740 2015 3799 Phoc.
2057 3758 2104 3799 c.
2137 3738 2251 3812 283
2287 3756 2337 3796 v.
2373 3757 2402 3795 4

224 3823 439 3885 Camill.
474 3845 523 3885 c.
561 3824 657 3886 19.
717 3824 1038 3886 Accedebat
1077 3833 1270 3886 autem
1301 3827 1372 3886 ad
1403 3825 1875 3903 superstitiosam
1905 3823 2058 3884 illam
2090 3822 2212 3881 viae
2248 3822 2338 3880 di-

225 3909 529 3987 gnitatem,
578 3910 735 3988 quod
768 3909 1027 3969 Athenae
1065 3910 1174 3970 hac
1210 3910 1335 3988 ipsa
1381 3911 1469 3970 vel
1498 3909 1747 3970 maxime
1779 3927 1910 3969 cum
1945 3905 2339 3968 adiacentibus

227 3993 552 4054 civitatibus
585 3995 908 4072 ceterisque
939 3993 1176 4055 Graecis
1208 3993 1676 4066 continebantur,
1705 4001 1772 4054 ut
1796 3993 1846 4052 si
1871 3992 2001 4071 quis
2027 3991 2339 4069 Megaram,

225 4077 569 4140 Corinthum
614 4085 786 4159 atque
826 4079 886 4139 in
916 4078 1421 4158 Peloponnesum,
1464 4079 1515 4139 si
1556 4077 1811 4157 Delphos
1851 4084 2022 4155 atque
2052 4075 2110 4135 in
2141 4084 2339 4154 partes
