2867 4717
384 1202 437 1244 25

383 2047 437 2088 26

470 417 533 470 12
1170 422 1251 472 De
1286 420 1590 489 Aeschyli
1626 423 1861 475 Persis.

468 593 762 650 certamen
795 588 916 669 jam
958 608 1028 651 eo
1079 608 1268 670 usque
1317 589 1695 652 immanitatis
1734 587 1927 662 crevit,
1977 597 2043 652 ut
2091 607 2249 652 nunc
2297 597 2577 672 tanquam

467 674 711 736 duarum
753 682 1043 737 vastarum
1081 675 1510 737 continentium
1532 674 1632 752 31)
1667 674 1938 753 Europae
1988 682 2046 736 et
2087 675 2275 751 Asiae,
2315 696 2463 756 quae
2505 677 2578 739 de

465 758 795 838 principatu
843 778 1039 821 rerum
1088 760 1230 822 bella
1271 760 1514 822 exitiosa
1565 766 1782 839 gerant,
1821 766 2113 821 certamen
2152 761 2576 825 interneciuum

468 844 725 905 exsistat.
770 844 942 905 Nunc
965 837 1276 907 discrimen
1298 863 1495 906 rerum
1521 851 1627 918 est,
1656 861 1815 906 nunc
1843 845 2118 925 irrumpit
2146 839 2186 928 ἦ
2217 863 2579 931 καταστρο-

465 923 580 1013 φή.
642 928 729 990 Ab
761 929 998 992 Oriente
1027 930 1293 1009 ingentes
1325 930 1452 991 illae
1472 929 1661 1007 Magni
1691 928 1866 1008 Regis
1898 930 2145 1009 copiae-⁹³
2161 933 2237 1007 2),
2268 932 2577 1006 terribileS,

465 1013 674 1093 quibus
690 1014 988 1093 Europam
1013 1033 1146 1077 cum
1162 1015 1298 1076 Asia
1323 1015 1678 1095 conjungere
1703 1020 1947 1076 conatus
1971 1022 2111 1089 erat,
2135 1017 2438 1078 machinae
2456 1019 2481 1058 3
2498 1019 2576 1093 3),

464 1100 776 1161 acerrimae
807 1099 1056 1178 denique
1091 1100 1219 1162 illae
1258 1101 1556 1173 cohorteS‚
1601 1099 1762 1160 omni
1798 1099 2155 1174 fortitudine,
2195 1102 2579 1182 maximisque

466 1184 680 1263 opibus
703 1185 1023 1246 instructae
1041 1187 1066 1226 3
1080 1189 1139 1262 4)
1156 1186 1614 1264 pessumdantur
1632 1186 1657 1224 3
1672 1185 1748 1260 5).
1789 1184 2073 1246 Maritima
2098 1185 2254 1247 clade
2276 1187 2577 1266 pedestres

463 1268 637 1331 etiam
680 1271 882 1349 copiae
919 1270 1384 1349 perdunturw).
1456 1269 1746 1332 Claudicat
1778 1276 1970 1330 totum
2010 1270 2320 1349 imperium
2364 1270 2576 1334 Persa-

462 1356 735 1431 rum3⁷)‚
775 1355 934 1434 quod
975 1356 1156 1416 modo
1197 1356 1383 1434 copiis
1413 1355 1689 1418 omnibus
1721 1361 1778 1415 ct
1804 1354 2120 1416 laetissima
2160 1356 2339 1434 gloria
2383 1357 2577 1417 exsul-

462 1446 592 1500 tans
622 1440 694 1501 ad
725 1459 1025 1502 summum
1054 1440 1325 1502 fortunae
1353 1440 1650 1519 fastigium
1682 1439 2149 1519 effloruerat38).
2202 1442 2418 1503 Xerxes
2446 1460 2578 1503 om-

462 1524 635 1586 nibus
666 1525 846 1586 modo
879 1524 1318 1588 innumerarum
1345 1525 1629 1605 gentium,
1660 1524 2101 1603 imperatorum,
2130 1526 2491 1605 pedestrium
2522 1532 2581 1588 et

462 1609 749 1671 navalium
783 1610 1203 1690 copiarum39.)
1237 1611 1581 1672 cohortibus
1624 1609 1902 1671 confertis
1936 1610 2214 1684 insolenS‚
2252 1629 2412 1673 nunc
2448 1611 2577 1672 foe-

465 1695 574 1757 dus
598 1696 894 1775 adspectu,
925 1695 1146 1768 habitu,
1177 1696 1413 1757 fortuna
1431 1714 1607 1775 quam
1632 1694 1883 1756 maxime
1898 1695 2265 1768 miserabilis,
2294 1696 2472 1758 redux
2496 1695 2580 1757 nil

463 1779 580 1841 nisi
602 1781 932 1859 pharetram
951 1781 1102 1842 Susa
1124 1787 1385 1860 reportat
1399 1783 1427 1820 4
1444 1781 1523 1859 ⁰).
1556 1780 1644 1840 Ab
1670 1779 1983 1841 Occidente
2005 1780 2312 1842 horribiles
2336 1780 2578 1843 Cartha-

465 1864 816 1944 giniensium
847 1873 904 1928 et
932 1866 1319 1928 Etruscorum
1348 1865 1554 1945 copiae
1581 1883 1705 1927 non
1735 1864 1964 1926 minore
1993 1873 2184 1946 strage
2223 1865 2490 1940 devictae,
2520 1872 2580 1927 et

464 1950 536 2012 ad
566 1957 881 2012 extremam
928 1968 1128 2013 necem
1162 1953 1620 2029 oppressae41).

632 2035 774 2098 Vide
802 2036 979 2114 igitur
1007 2036 1268 2099 divinum
1298 2036 1486 2097 virum
1517 2035 1701 2114 qualis
1735 2034 1910 2097 fuerit
1946 2033 2007 2096 in
2034 2034 2232 2096 Persis
2261 2035 2577 2115 tragoedia.

601 2249 684 2312 31)
708 2248 836 2300 Illud
862 2250 956 2301 sibi
980 2251 1116 2302 velle
1138 2251 1322 2301 Aesch.
1347 2258 1523 2317 aperte
1548 2250 1736 2301 indicat
1760 2250 1809 2299 iu
1836 2249 2025 2299 somnio
2052 2249 2272 2300 Atossae
2306 2250 2433 2300 mira
2468 2258 2580 2301 arte

466 2318 758 2383 composito.
806 2318 948 2369 Vidit
971 2320 1094 2370 illud
1121 2319 1270 2369 etiam
1296 2319 1463 2369 Herm.
1492 2335 1538 2384 p.
1565 2317 1630 2368 95
1655 2331 1959 2382 „somnurna
1985 2317 2070 2367 illa
2096 2318 2301 2367 duarum
2319 2318 2581 2369 mulierum

466 2387 659 2452 species
685 2402 780 2436 non
818 2387 1010 2450 ducum,
1044 2403 1142 2437 non
1177 2388 1507 2450 exercituum,
1544 2386 1633 2435 sed
1666 2387 1871 2436 duarum
1907 2392 2180 2436 vastarum
2200 2386 2580 2451 continentium,

467 2469 592 2521 quae
617 2454 678 2503 de
702 2454 909 2520 imperio
936 2456 1070 2506 inter
1094 2471 1149 2506 se
1177 2461 1394 2518 certent,
1419 2455 1682 2517 imaginem
1706 2453 1882 2504 animis
1906 2452 2190 2504 admovet.“
2239 2453 2471 2516 Augetur
2492 2453 2583 2504 illa

465 2522 765 2586 sublimitas,
790 2523 835 2572 si
860 2522 1193 2575 Scholiastem
1219 2537 1507 2589 sequamur,
1540 2522 1622 2587 qui
1654 2536 1807 2572 voces
1840 2522 1934 2572 καὶ
1965 2515 2271 2587 κασιγνήτα
2304 2522 2503 2588 γένους
2533 2515 2577 2572 τ’

466 2585 637 2640 αὐτοῦ
660 2591 722 2640 ad
758 2591 1024 2658 mythicam
1043 2590 1196 2643 Asiae
1222 2598 1274 2641 et
1291 2590 1526 2655 Europae
1551 2604 1614 2639 ex
1635 2589 1836 2640 Oceano
1860 2590 2262 2655 procreationem
2287 2588 2581 2640 referendas

465 2673 581 2709 esse
606 2658 730 2708 vult.

600 2724 684 2789 32)
710 2725 1011 2791 Populorum
1037 2727 1130 2777 sub
1142 2727 1320 2778 Xerxe
1346 2725 1648 2792 stipendium
1670 2725 1966 2775 merentium
1992 2726 2267 2790 ducumque
2292 2732 2344 2778 et
2368 2725 2583 2791 impera-

464 2801 632 2845 torum
655 2795 851 2845 nomina
874 2796 988 2861 plus
1014 2796 1171 2847 semel
1195 2796 1491 2847 recitantur.
1542 2793 1614 2843 De
1640 2793 1817 2859 quibus
1843 2791 1907 2844 cf.
1933 2793 2137 2844 Schiitz.
2162 2793 2357 2859 prolgg.
2395 2793 2446 2843 in
2468 2792 2581 2845 Prs.

465 2878 496 2928 p
603 2929 686 2991 33)
714 2925 1051 2999 λινόδεσμος
1075 2929 1274 2998 σχεδία
1298 2958 1368 2967 -
1391 2925 1537 2980 πολύ
1580 2944 1773 2997 ομφον
1796 2921 2027 3009 ὅδισμα.

605 2997 688 3060 34)
716 2999 948 3068 φοβεροὶ
972 2996 1079 3068 μὲν
1104 2996 1264 3059 ἰδεῖν,
1292 2995 1469 3049 δεινοὶ
1495 2994 1530 3047 ὃ
1579 2991 1770 3065 μάχην
1797 3003 1978 3063 ψυχης
2002 2994 2061 3047 ἐν
2084 2990 2319 3063 τλήμονι
2343 2989 2494 3064 δόξῃ.

606 3064 690 3128 35)
721 3066 956 3135 στρατὸς
980 3065 1094 3122 πᾶς
1115 3059 1286 3117 ὄλωλε
1308 3058 1621 3133 βαρβάρων.

606 3132 689 3196 36)
715 3129 972 3191 ναυτικὸς
999 3128 1236 3201 στρατὸς
1257 3132 1533 3188 κακωθεὶς
1558 3128 1730 3190 πεζὸν
1755 3126 1926 3182 ὤλεσε
1951 3125 2210 3202 στρατόν.
2379 3181 2382 3184 ,

607 3200 688 3265 37)
714 3200 816 3254 νῦν
841 3198 909 3267 δὴ
945 3201 1222 3272 προπᾶσα
1256 3203 1390 3268 γαῖα
1411 3196 1598 3255 Ἀσίας
1631 3193 1996 3267 ἔκκενούμενα
2030 3198 2226 3250 στένει.
2257 3225 2324 3235 --
2347 3192 2585 3249 Σούσων

469 3263 613 3319 ἄστυ
635 3271 756 3321 πᾶν
777 3267 1113 3339 κενανδρίαν
1138 3269 1319 3321 στένει
1340 3297 1408 3305 —-
1432 3262 1896 3337 διαπεπόρθηται
1919 3264 1986 3317 τὰ
2012 3267 2253 3336 Περσῶν
2285 3259 2579 3336 πράγμαθ’

471 3332 542 3394 ὡς
565 3336 749 3389 εἰπεῖν
765 3334 917 3395 ἔπος.

606 3403 689 3467 38)
716 3402 790 3455 Cf.
813 3421 862 3455 v.
890 3405 989 3455 852
1014 3421 1089 3471 sq.

607 3471 691 3527 39)
717 3468 986 3540 πολύχειρ
1010 3472 1102 3524 καὶ
1127 3467 1494 3536 πολυναύτης.

604 3540 688 3603 40)
715 3540 811 3591 481
830 3547 918 3607 sq.
944 3541 1044 3592 909
1069 3557 1146 3607 sq.
1187 3540 1386 3606 Quanta
1411 3554 1502 3606 per
1525 3539 1811 3590 discrimina
1836 3539 2022 3590 Sardes
2048 3538 2373 3605 pervenerint
2396 3538 2584 3603 copiae,

471 3622 593 3673 quas
620 3623 788 3658 secum
813 3609 1015 3659 reduxit
1036 3608 1262 3673 Xerxes,
1284 3606 1347 3659 ef.
1374 3605 1701 3658 Herod.Vlll.
1734 3606 1849 3670 115,
1876 3607 2052 3674 quippe
2080 3614 2285 3657 coactae
2309 3603 2585 3668 frondibus,

470 3674 731 3736 fructibus,
759 3677 929 3738 herba,
956 3677 1228 3727 corticibus
1251 3677 1407 3740 vesci,
1430 3689 1753 3740 magnamque
1789 3681 1978 3739 partem
2014 3675 2308 3742 dysenteria
2341 3680 2395 3724 et
2426 3673 2585 3739 pesti-

470 3743 627 3794 lentia
652 3744 786 3794 inter
818 3746 947 3795 viam
981 3746 1282 3795 exstinctae.
1334 3743 1461 3809 Quin
1497 3749 1675 3793 et-rex
1711 3743 1817 3808 ipse
1852 3741 2163 3808 naufragium
2196 3758 2295 3792 non
2320 3742 2585 3805 evitasset,

472 3811 568 3861 nisi
593 3810 780 3862 Persae
806 3813 1100 3862 desilientes
1126 3813 1175 3863 in
1202 3827 1338 3862 mare
1365 3826 1542 3862 navem
1566 3811 1843 3862 levassent.

606 3879 690 3944 41)
716 3880 919 3931 Pindar.
947 3880 1002 3930 P.
1027 3879 1065 3930 1.
1094 3879 1208 3930 72.:

875 3948 1092 4009 νεῦσον,
1118 3948 1393 4017 Κρονίων,
1430 3940 1650 4015 ἅμερον
1839 3979 1842 3984 »

741 4011 895 4086 ὄφρα
919 4011 1032 4066 κατ’
1063 4013 1221 4068 οἷκον
1245 4010 1274 4066 ὁ
1305 4016 1510 4075 Φοίνιξ
1534 4012 1564 4065 ὁ
1590 4014 1897 4084 Τορσανῶν
1919 4009 1961 4064 τ’
1988 4008 2261 4069 ἀλαλατὸς

743 4080 858 4155 ἔχῃ,
883 4087 1256 4139 ναυσίστονον
1279 4076 1439 4152 ὕβριν
1463 4080 1604 4136 ἰδὼν
1626 4079 1730 4135 τὰν
1750 4079 1865 4152 πρὸ
1891 4075 2091 4151 Κύμας
2112 4109 2180 4121 -
2204 4088 2325 4133 cett.
