2867 4717
479 411 543 467 28
789 445 793 448 ·
1306 415 1388 466 no
1423 415 1750 470 Hellanico

479 590 711 646 constat
739 600 890 665 opus
923 601 1115 658 suum,
1155 589 1310 645 certe
1347 590 1413 646 ut
1439 600 1601 646 nunc
1626 582 1855 663 legitur,
1888 584 1960 646 ad
1989 602 2284 649 summam
2316 592 2586 650 senectu-

476 677 595 731 tem
626 675 967 750 provectum
1008 669 1367 744 elaborasse,
1407 668 1765 730 Hellanicum
1807 677 2028 745 contra,
2070 678 2137 733 ut
2174 671 2271 751 qui
2307 687 2587 751 magnum

477 755 739 817 brevium
773 754 1331 816 commentariorum
1362 772 1693 830 numerum,
1722 773 1844 817 non
1878 774 2061 817 unum
2095 775 2246 836 opus
2276 755 2587 837 reliquerit,

478 840 578 901 ubi
610 840 882 920 quodque
913 840 1051 900 satis
1083 838 1197 918 ipsi
1231 840 1594 920 exploratum
1627 847 1809 915 esset,
1851 841 1911 902 id
1949 842 2142 922 primo
2175 860 2406 923 quoque
2433 850 2586 904 tem-

477 945 624 1005 pore
656 932 713 986 et
744 925 1056 1005 separatim
1087 925 1245 986 foras
1276 925 1529 985 edidisse
1555 925 1822 987 credibile
1850 933 1955 988 est.
2007 927 2168 989 Idem
2200 927 2449 1007 denique
2492 946 2580 989 ca-

479 1011 562 1072 dit
605 1010 662 1073 in
707 1009 922 1071 librum
975 1003 1187 1071 ἒθνῶν
1238 1000 1600 1090 ὀνομασίαι
1643 1011 1729 1071 vel
1770 1005 1929 1089 περὶ
1973 1005 2188 1074 ἐθνῶν
2231 1013 2583 1093 inscriptum

476 1096 615 1169 (nisi
644 1096 798 1156 idem
830 1102 952 1156 erat
981 1113 1111 1156 cum
1141 1087 1453 1175 νομίμοις
1495 1095 1973 1178 βαρβαρικοῖς),
2013 1097 2169 1159 unde
2212 1098 2368 1178 quod
2415 1097 2584 1160 adhi-

474 1181 645 1242 betur
691 1180 846 1259 apud
877 1181 1083 1242 Athen.
1107 1179 1201 1254 XI,
1232 1181 1435 1261 p..462
1467 1180 1512 1241 B
1556 1199 1627 1241 ex
1668 1181 1971 1243 Herodoto
2009 1182 2101 1255 IV,
2150 1183 2268 1244 190
2321 1189 2584 1244 sumtum

473 1284 604 1327 esse
626 1265 1204 1337 viditValckenariuS,
1229 1265 1552 1344 eodemque
1572 1267 1894 1327 revocanda
1918 1267 2183 1328 videntur
2196 1261 2584 1350 Κυπριακά,

472 1344 810 1427 Σκυθικά,
857 1350 1013 1413 unde
1055 1351 1236 1412 multa
1283 1350 1532 1414 citantur
1585 1352 1739 1432 apud
1798 1352 2162 1432 Stephanum
2191 1353 2582 1433 Byzantium,

423 1455 445 1493 τ
476 1456 622 1517 quae
654 1443 918 1517 spectant
955 1443 1154 1516 gentes
1185 1436 1377 1510 Ponti,
1419 1436 1716 1510 Thraciae,
1760 1436 2044 1518 Scythiae,
2083 1437 2305 1518 Lyciae,
2344 1436 2585 1513 Ciliciae,

473 1521 700 1603 Libyae,
747 1540 888 1602 quas
928 1529 1115 1583 terras
1147 1521 1372 1583 etiamsi
1413 1521 1476 1582 in
1506 1523 1712 1583 ceteris
1745 1522 2021 1601 operibus
2050 1523 2276 1602 passim
2307 1542 2583 1604 respexe-

471 1610 563 1683 rit,
592 1615 789 1668 tamen
819 1605 1018 1669 dubito
1051 1606 1191 1686 quin
1221 1605 1588 1687 peculiariter
1629 1607 2026 1681 illustraverit,
2067 1608 2285 1670 nedum
2322 1609 2584 1689 peregri-

471 1694 666 1756 nando
689 1691 948 1770 cognitas
972 1691 1253 1753 habuerit.
1277 1691 1547 1754 Ceterum
1572 1700 1803 1755 constat
1825 1693 1979 1754 diem
2002 1712 2344 1773 supremum
2368 1693 2585 1755 obiisse

473 1798 607 1841 eum
637 1779 997 1858 Perperenae
1019 1781 1042 1817 1
1062 1780 1140 1856 1),
1181 1777 1401 1857 oppido
1432 1777 1687 1838 Aeolidis
1727 1798 1759 1839 e
1787 1778 2023 1857 regione
2053 1778 2226 1840 Lesbi
2256 1779 2390 1852 sito,
2436 1785 2585 1841 teste

473 1864 679 1927 Suida:
710 1870 778 1926 ut
797 1863 984 1924 varias
1013 1868 1199 1924 terras
1223 1880 1574 1943 permensus
1600 1863 1659 1923 in
1684 1864 1932 1943 patriam
1958 1881 2135 1924 senex
2157 1882 2427 1926 reversus
2451 1883 2584 1926 esse

473 1945 668 2030 ibique
694 1948 904 2011 studiis
936 1947 1060 2009 suis
1092 1948 1165 2009 ad
1197 1953 1451 2009 m‘ortem
1482 1968 1671 2028 usque
1700 1948 2036 2010 incubuisse
2064 1949 2342 2010 videatur.

432 2085 441 2092 .
639 2036 722 2097 De
751 2035 866 2095 fide
895 2033 1019 2095 eius
1053 2033 1237 2113 deque
1268 2034 1490 2095 meritis
1533 2035 1594 2094 in
1622 2034 1867 2095 historia
1894 2034 2050 2095 varie
2082 2034 2400 2108 iudicatum
2438 2053 2584 2113 quae

470 2120 808 2184 testimonia
837 2118 1319 2181 examinabuntur
1347 2118 1514 2180 infra.
1566 2119 1735 2180 Nunc
1764 2119 2058 2198 ingentem
2089 2119 2242 2180 illam
2263 2119 2583 2195 titulorum,

471 2225 620 2287 quos
651 2204 915 2268 Sturzius
947 2212 1268 2278 enumerat,
1300 2203 1630 2265 varietatem
1663 2204 1732 2266 ad
1756 2204 2011 2265 maiores
2037 2223 2284 2284 operum
2309 2223 2583 2284 compre·

470 2291 785 2354 hensiones
815 2306 1086 2351 revocare
1116 2289 1459 2350 conabimur
1480 2292 1498 2329 ¹
1521 2291 1597 2365 2).
1661 2289 1895 2350 Etenim
1934 2289 2160 2350 etiamsi
2190 2289 2372 2351 multa
2411 2308 2583 2370 sepa-

469 2378 643 2439 ratim
685 2375 932 2437 ediderit
981 2374 1324 2454 diversaque
1363 2373 1608 2435 diversis
1647 2374 2013 2454 temporibus
2055 2375 2336 2453 attigerit,
2386 2381 2584 2436 tamen

471 2470 596 2524 erat
624 2461 749 2523 sine
781 2460 957 2522 dubio
999 2460 1279 2541 quaedam
1321 2478 1521 2521 rerum
1552 2459 1623 2521 ab
1664 2478 1733 2520 eo
1772 2466 2143 2522 tractatarum
2188 2460 2371 2521 series
2410 2468 2586 2540 atque

473 2547 791 2609 similitudo
824 2552 882 2606 et
908 2546 1055 2606 ratio
1089 2545 1282 2618 etiam,
1326 2564 1440 2624 qua
1478 2544 1539 2605 in
1569 2544 1746 2607 rebus
1777 2544 2200 2623 persequendis
2231 2545 2582 2620 versabatur,

471 2641 749 2695 constans
802 2631 1086 2710 quaedam
1139 2637 1309 2709 atque
1359 2629 1693 2709 aequabilis,
1771 2629 1899 2690 Hoc
1943 2630 2229 2707 significat
2270 2629 2584 2711 Dionysius

471 2716 1021 2788 HalicarnassensiS,
1049 2715 1149 2777 ubi
1181 2714 1581 2795 Thucydidem
1623 2715 1701 2776 ait
1734 2732 1923 2794 neque
1951 2714 2127 2776 unius
2168 2715 2281 2776 loci
2321 2715 2585 2794 angustia

472 2805 637 2884 quasi
669 2802 1146 2867 circumscribere
1174 2807 1343 2881 atque
1374 2800 1621 2879 defigere
1649 2800 1955 2861 historiam
1986 2800 2239 2861 voluisse
2261 2802 2380 2878 l3),
2425 2800 2583 2880 quod

612 3006 692 3068 11)
720 3004 861 3070 Quod
897 3005 1236 3071 Thucydidem
1269 3005 1449 3055 ibidem
1487 3004 1670 3054 obiisse
1705 3003 1930 3054 nonnulli
1953 3004 2182 3065 tradunt,
2218 3000 2444 3054 confusio
2487 3011 2584 3066 est,

470 3091 520 3127 v,
545 3073 779 3137 Rrueger
802 3074 862 3123 de
887 3076 978 3125 vit.
1003 3073 1229 3140 Thucyd.
1255 3089 1302 3138 p.
1329 3072 1412 3125 57.
1440 3088 1514 3138 sq.

611 3142 688 3204 12)
724 3140 906 3205 „Nicht
938 3143 1055 3192 sehr
1086 3141 1292 3204 wichtig
1332 3142 1430 3190 und
1466 3140 1613 3192 kaum
1654 3155 1718 3189 zu
1749 3138 1891 3189 Ende
1935 3154 2000 3192 zu
2032 3139 2243 3203 bringeri
2277 3139 2472 3191 schcint
2503 3138 2585 3189 die

470 3210 872 3274 Untersuchung,
900 3208 1162 3260 inwiefern
1189 3209 1267 3259 dic
1286 3209 1573 3272 ungeheure
1597 3207 1778 3271 Menge
1799 3206 1935 3257 Titcl
1959 3223 2057 3258 von
2080 3204 2333 3257 Schriften
2358 3208 2446 3257 des
2466 3206 2588 3257 Hel-

470 3279 664 3331 lanicus
689 3279 1081 3329 verschiedenen
1108 3276 1334 3335 Werken
1361 3277 1483 3326 oder
1506 3276 1714 3327 Thcilen
1740 3292 1839 3327 von
1866 3278 2139 3340 grosseren
2165 3275 2465 3339 angehiirt.“
2500 3275 2587 3326 Sic

471 3347 822 3398 DahlmannuS.
871 3347 1054 3410 Aliter,
1079 3345 1290 3410 confido,
1324 3344 1560 3396 iudicabit
1592 3346 1674 3410 qui
1699 3345 2084 3410 disputationem
2127 3344 2253 3393 hanc
2284 3358 2443 3394 meam
2468 3343 2588 3393 dili-

507 3422 654 3465 enter
677 3415 724 3464 le
762 3414 874 3463 erit.

471 3431 504 3478 g
611 3481 691 3546 13)
720 3429 793 3532 ge
818 3481 1045 3549 Thucyd.
1070 3480 1218 3531 iudic.
1245 3495 1290 3530 c.
1316 3478 1364 3529 6.
1419 3475 1767 3545 Θουκυδίδης
1789 3474 1904 3529 οὔτ’
1928 3472 2015 3546 ἐφ’
2042 3473 2169 3535 ἑνὸς
2189 3472 2462 3544 ἐβουλήθη
2496 3473 2590 3528 τό-

473 3567 586 3602 που
626 3543 973 3619 καθιδρύσαι
1011 3547 1111 3615 τὴν
1144 3549 1413 3614 ἱστορίαν,
1456 3541 1529 3603 ὡς
1560 3547 1618 3598 οἱ
1646 3550 1777 3615 περὶ
1810 3542 1912 3599 τὸν
1938 3542 2257 3599 Ἑλλάνικον
2293 3544 2586 3610 ἐποίησαν,

475 3615 601 3669 οὔτε
620 3613 719 3674 τὰς
737 3616 793 3677 ἐξ
811 3609 1556 3687 ἁπάσηςχώραςἝλλησινῆ
1576 3612 1873 3685 βαρβάροις
1890 3612 2346 3671 ἐπιτελεσθείσας
2362 3608 2589 3680 πράξεις

474 3689 553 3743 εἰς
574 3688 714 3755 μίαν
741 3687 998 3755 ἱστορίαν
1023 3688 1374 3753 συναγαγεῖν,
1397 3680 1798 3752 μιμησάμενος
1813 3677 2126 3752 Ἡρόδοτον
2158 3683 2270 3733 κτλ.
2330 3682 2445 3732 Alio
2470 3682 2583 3731 loco

472 3755 780 3805 Herodotum
814 3755 982 3805 eadem
1016 3762 1164 3820 atque
1208 3752 1518 3803 Hellanicum
1560 3751 1754 3800 ratione
1798 3766 1940 3800 usum
1974 3766 2089 3801 csse
2114 3751 2249 3812 dicit,
2293 3766 2334 3800 c.
2361 3749 2411 3799 9=
2462 3742 2587 3801 οὔτε

472 3818 582 3890 γὰρ
607 3825 730 3878 τοῖς
751 3818 963 3883 τόποις,
990 3821 1050 3875 ἒν
1076 3812 1161 3877 οἷς
1184 3820 1245 3870 αἱ
1268 3816 1499 3885 πράξεις
1522 3816 1984 3882 ἐπετελέσθησαν,
2010 3815 2342 3870 ἀκολουθῶν
2363 3815 2588 3887 ἐμέρισε

474 3890 570 3947 τὰς
595 3886 895 3958 διηγήσεις,
924 3886 998 3946 ὥς
1013 3883 1323 3956 ἹΙρόδοτός
1344 3902 1402 3938 τε
1425 3886 1517 3937 καὶ
1537 3882 1849 3942 Ἑλλάνικος
1870 3885 1962 3936 καὶ
1987 3879 2148 3937 ἄλλοι
2171 3883 2313 3941 τινὲς
2337 3885 2449 3937 τῶν
2471 3882 2584 3955 πρὸ

474 3955 650 4076 331th
672 3956 1348 4091 ἷξῖἕῖἔφὶἴέγῖἲέἓίὲζῖἴ·
1359 4040 1372 4053 ·
1385 3953 1904 4087 ‘fflffiffifflss
1924 3955 2137 4073 2333,
2143 3953 2589 4087 ἔῖιζῗὲῗέῑέἓὶῗῖἰ

879 4063 893 4089 2
1159 4086 1162 4091 ,
1334 4059 1374 4085 ·2

474 4094 614 4163 poris
638 4095 858 4145 membra
883 4101 1018 4159 sunt,
1044 4094 1092 4143 id
1117 4091 1245 4158 quod
1271 4107 1416 4142 secus
1443 4099 1556 4143 erat
1576 4092 1702 4158 apud
1729 4090 2057 4141 Hellanicum.
