2867 4717
987 413 1069 463 De
1106 413 1407 480 Aeschyli
1444 413 1678 466 Persis.
2359 417 2387 467 7

264 581 573 644 Boreadae
603 580 819 641 heroes
847 598 878 641 a
907 578 1097 641 foedis
1120 578 1369 660 Harpyis
1397 578 1661 642 liberant.
1718 578 1974 644 Phineus
1997 587 2197 658 gratus
2225 582 2389 643 navi-

267 668 547 746 gantibus
581 665 815 726 Graecis
844 683 969 728 non
1000 664 1192 728 solum
1224 683 1309 736 ea,
1342 683 1487 743 quae
1523 664 1670 742 ipsis
1700 683 1807 744 per
1842 670 2028 726 totam
2066 667 2390 746 expeditio-

264 770 415 814 nem
444 752 685 823 instent,
715 750 1069 823 vaticinatur,
1099 749 1205 810 sed
1235 749 1407 812 etiam
1440 748 1512 809 ab
1541 749 1633 822 iis,
1666 767 1810 827 quae
1838 765 1999 810 nunc
2027 759 2184 826 sunt,
2211 751 2390 813 rebus

262 854 491 900 ansam
522 835 724 908 sumit,
763 853 880 908 eas,
918 853 1062 913 quae
1102 851 1209 913 per
1247 834 1447 894 omnia
1485 833 1710 896 saecula
1749 834 2115 913 insequentia
2156 835 2391 898 Graecis

261 940 414 986 cum
444 920 716 984 Bai-baris
748 921 1174 982 intercessurae
1204 918 1342 993 sint,
1374 918 1633 980 rationes
1664 918 2014 982 vaticinandi
2034 923 2058 960 1
2076 921 2151 996 1).

447 1005 730 1068 Attinebit
758 1004 853 1065 hic
881 1023 1064 1083 pauca
1094 1004 1303 1065 addere

363 1092 427 1166 1)
462 1091 534 1150 de
560 1089 788 1152 Phineo
817 1107 952 1166 rege
982 1097 1041 1150 et
1068 1095 1209 1149 vate.
1269 1087 1545 1149 Diversae
1581 1088 1654 1149 de
1692 1106 1761 1148 eo
1803 1088 2137 1150 ferebantur
2176 1106 2387 1166 genea-

259 1175 482 1254 logiae,
516 1193 587 1235 eo
613 1174 1064 1247 consentientes,
1096 1181 1162 1234 ut
1191 1191 1398 1234 omnes
1431 1192 1564 1236 eum
1589 1192 1658 1233 ex
1682 1172 1912 1234 Oriente
1940 1192 2125 1251 genus
2156 1173 2391 1236 duxisse

263 1260 662 1322 affirmarent.
708 1259 1043 1338 Implicatur
1070 1258 1227 1322 enim
1255 1258 1317 1318 in
1346 1258 1606 1335 amplum
1638 1257 1776 1318 illud
1799 1265 2067 1331 stemma,
2098 1258 2255 1337 quod
2271 1258 2391 1320 Lo·-

261 1344 561 1422 gographi
590 1343 728 1406 dicti
760 1344 830 1406 de
858 1343 1172 1421 Aegyptiis,
1218 1341 1632 1414 Phoenicibus,
1662 1340 1883 1414 PersiS,
1923 1342 2170 1421 Scythis,
2211 1360 2392 1408 cune—

259 1430 343 1492 tis
371 1428 629 1507 denique
656 1428 991 1490 nationibus
1016 1428 1226 1489 exteris
1251 1428 1329 1488 ita
1354 1426 1712 1500 effluxerant,
1744 1434 1809 1487 ut
1829 1445 1928 1487 eas
1953 1444 2162 1490 omnes
2183 1426 2391 1506 primi-

262 1513 384 1574 tiva
416 1514 677 1592 quadam
706 1513 999 1584 affinitate,
1043 1519 1103 1573 et
1138 1531 1201 1572 ea
1239 1512 1310 1573 ab
1350 1512 1498 1589 ipsis
1538 1510 1789 1584 GraeciS‚
1831 1512 2180 1574 nominatim
2217 1512 2290 1572 ab
2325 1511 2391 1572 Io

261 1597 487 1676 Argiva
511 1597 773 1675 repetita,
798 1597 981 1658 teneri
1003 1596 1294 1658 fecissent.
1342 1597 1472 1670 Qua
1501 1594 1565 1656 in
1583 1595 1798 1658 familia
1819 1596 1915 1658 alii
1937 1615 2071 1658 eum
2101 1596 2179 1658 ita
2210 1595 2392 1657 collo-

266 1690 431 1753 cant,
484 1688 552 1742 ut
594 1700 726 1742 eum
768 1682 1051 1759 Agenoris
1090 1681 1178 1741 vel
1216 1680 1532 1742 Phoenicis
1575 1680 1939 1757 Agenoridae
1976 1681 2162 1744 filium
2210 1681 2394 1742 fuisse

265 1766 628 1843 dicant12);
671 1765 764 1828 alii
813 1785 947 1828 eum
980 1767 1022 1825 'a
1059 1765 1198 1826 Belo
1241 1765 1555 1826 oriundum
1606 1765 1901 1844 fratreque
1940 1765 2173 1843 Cepheo
2221 1784 2392 1826 usum

262 1870 406 1916 esse
443 1850 779 1924 volunt13).
863 1850 1074 1928 Cephei
1122 1849 1300 1910 filiam
1343 1849 1776 1910 Andromedam
1832 1868 1865 1910 a
1916 1849 2135 1910 Perseo
2172 1851 2394 1913 Persen

263 1937 507 1997 enixam
541 1953 670 1996 esse
690 1937 811 2011 14),
849 1934 1071 1996 Persen
1111 1941 1303 1994 autem
1335 1933 1647 1994 Persarum
1681 1933 1947 1994 omnium
1978 1952 2260 2012 proavum
2292 1952 2392 1994 ex·

265 2021 524 2082 stitisse.
581 2020 761 2097 Igitur
790 2019 1045 2079 Phineus
1085 2018 1404 2079 avunculus
1437 2016 1633 2078 Persis
1672 2025 1778 2088 est,
1819 2019 2019 2095 proavi
2058 2018 2391 2089 Persarum,

265 2106 446 2185 cujus
475 2103 816 2182 progeniem
855 2104 1026 2164 etiam
1066 2103 1317 2163 Xerxem
1356 2121 1487 2162 esse
1525 2102 1651 2180 ipse
1681 2102 1997 2181 Aeschylus
2043 2102 2393 2179 indicat15).

261 2190 461 2267 Igitur
488 2188 746 2249 Phineus
778 2186 1215 2267 quodammodo
1245 2187 1423 2246 Persa
1451 2186 1741 2265 mythicus
1773 2195 1878 2256 est,
1929 2193 1987 2246 et
2025 2186 2123 2265 qui
2163 2186 2222 2247 in
2264 2205 2391 2248 eam

261 2273 586 2352 trilogiam,
626 2272 790 2351 eujus
822 2272 1094 2336 articulus
1126 2271 1352 2331 medius
1391 2276 1448 2331 et
1485 2270 1821 2350 principalis
1841 2271 2062 2331 ‘Persae
2098 2271 2394 2352 tragoedia

266 2366 382 2433 est,
420 2356 650 2436 egregie
680 2356 965 2435 implicari
994 2362 1219 2436 posset.

423 2573 503 2635 11)
532 2572 637 2624 Hoc
661 2571 732 2622 ita
754 2570 815 2619 ab
841 2570 1092 2636 Aeschylo
1118 2568 1401 2621 institutum
1438 2584 1552 2619 esse
1579 2568 1804 2634 dixerim,
1839 2567 1986 2617 sicuti
2021 2569 2070 2618 in
2096 2567 2395 2620 Prometheo

271 2643 341 2703 (v.
370 2639 476 2691 698
505 2640 620 2705 sq.).
664 2637 1015 2688 Prometheum
1048 2635 1100 2687 Io
1135 2638 1300 2687 exsuli
1332 2636 1571 2688 vaticinia
1593 2636 1737 2686 varia
1771 2643 2039 2695 serentem,
2076 2651 2281 2701 eamque
2306 2652 2398 2702 per

268 2710 469 2771 varios,
495 2723 619 2772 quos
643 2707 730 2756 illa
753 2721 870 2754 mox
894 2712 1092 2755 tactura
1115 2712 1242 2765 erat,
1267 2721 1328 2770 po
1367 2704 1479 2754 ulos
1505 2711 1558 2754 et
1582 2703 1815 2767 regiones
1841 2711 2227 2769 prosequentem
2257 2702 2394 2753 facit.

317 2793 388 2830 na
416 2776 463 2825 in
486 2790 545 2824 re
569 2789 680 2824 eum
705 2788 829 2839 quae
857 2773 973 2824 olim
1003 2771 1210 2823 Graecis
1245 2779 1298 2824 et
1319 2721 1493 2822 θενεῖς
1529 2769 1698 2821 futura
1724 2777 1911 2835 essent,
1936 2771 1998 2821 ad
2023 2771 2301 2833 analogiam
2324 2788 2395 2820 vv.

309 2843 377 2894 36
406 2859 481 2908 sq.
510 2842 720 2892 finxisse
756 2848 1140 2890 consentaneum
1184 2846 1280 2889 est.
1342 2839 1523 2904 Quidni
1554 2845 1783 2904 putemus
1816 2836 2055 2887 Phineum
2086 2838 2148 2888 ab
2181 2837 2397 2888 Hercule

271 2926 439 2979 usque
462 2912 529 2962 ad
548 2910 778 2961 Xerxem
821 2905 904 2970 (cf.
929 2915 1032 2960 not.
1063 2907 1141 2969 15)
1178 2922 1458 2956 sermonem
1487 2906 1821 2972 perduxisse?
1867 2903 2016 2955 Modo
2050 2905 2096 2955 id
2134 2904 2396 2956 obscurius

274 2987 333 3032 et
355 2978 558 3030 nonnisi
582 2984 716 3027 tecte
738 2974 923 3026 factum
947 2991 1061 3026 esse
1119 2982 1332 3025 utemus.

354 3091 359 3099 .
421 3045 504 3107 12)
531 3044 700 3096 Schol.
725 3043 959 3110 Apollon.
985 3042 1049 3093 Π.
1110 3040 1192 3093 78.

422 3114 503 3174 13)
531 3112 653 3163 Euri
692 3112 819 3162 ides.
842 3110 1085 3177 Hyginus.

424 3180 505 3241 14)
533 3181 662 3246 Apol
687 3179 825 3229 odor.
848 3175 889 3227 Ι.
917 3178 963 3228 9.
992 3177 1073 3227 28.
1102 3177 1150 3227 5.
1203 3176 1382 3227 Strabo
1407 3175 1498 3227 XI.
1525 3192 1574 3243 p.
1599 3175 1713 3226 798.
1741 3175 1792 3225 B.
1819 3173 2001 3225 Herod.
2025 3173 2132 3226 Vll.
2154 3173 2237 3224 61.

423 3248 503 3310 15)
529 3248 685 3310 Fugit
705 3247 834 3298 enim
860 3247 1001 3298 viros
1027 3246 1200 3296 doctos
1224 3245 1353 3310 apud
1378 3244 1539 3310 ipsum
1563 3243 1866 3310 Aeschylum
1890 3242 1994 3294 Prs.
2025 3258 2074 3292 v.
2100 3241 2182 3292 80.
2208 3242 2395 3292 indica·

278 3318 467 3368 tionem
493 3315 638 3378 hujus
664 3329 923 3366 connexus
949 3328 1081 3378 esse,
1116 3328 1210 3379 qua
1244 3312 1440 3378 quidem
1463 3310 1712 3362 vinculum
1737 3311 1876 3372 illud,
1909 3310 2037 3375 quod
2062 3309 2231 3362 Persis
2266 3316 2395 3372 trag.

280 3400 394 3436 cum
418 3383 601 3450 Phineo
628 3381 911 3444 intercedit,
936 3382 1244 3446 aliquantum
1266 3379 1424 3443 magis
1447 3379 1733 3429 invalescit.
1777 3378 1984 3429 Xerxes
2003 3378 2068 3430 ibi
2088 3377 2394 3444 appellatur:

825 3444 1197 3519 Χρυσογόνου
1231 3448 1423 3516 γενεᾶς
1458 3442 1691 3503 ἰσόθεος
1724 3445 1858 3516 φῶς-

282 3518 454 3570 Genus
479 3534 603 3569 auro
631 3524 946 3597 prognatum,
972 3516 1150 3583 quippe
1176 3516 1304 3582 quod
1328 3531 1359 3565 a
1383 3513 1569 3566 Perseo
1595 3513 1950 3579 deducebatur,
2007 3528 2118 3564 uem
2139 3513 2306 3564 Danae
2332 3528 2397 3562 ex

281 3589 407 3637 Jove
430 3586 484 3638 in
510 3586 730 3652 pluv1em
754 3600 956 3636 auream
982 3590 1279 3634 commutato
1306 3589 1623 3647 conceperat.
1671 3581 1899 3633 Xerxem
1924 3598 1951 3631 e
2019 3580 2156 3631 ersei
2179 3579 2398 3646 posteris

284 3670 400 3708 ⁶⁸⁸⁶
423 3654 661 3708 ⁸³³¹¹¹¹³⁹
684 3649 1707 3776 ffiffilssyissssirsssszssffi'Effffississa
1735 3728 1848 3767 σπι,
1890 3717 1955 3773 ἅς

756 3789 956 3840 Στελεῖ
973 3790 1227 3855 γίγαντα,
1253 3785 1330 3853 τῷ
1354 3734 1619 3837 &Elaeam
1642 3781 1747 3853 μὲν
1768 3734 1903 3850 ,Bateni

756 3856 916 3921 Πεζῷ
941 3851 1065 3904 ποτ’
1096 3851 1264 3916 ἔσται,
1289 3854 1362 3922 γῆ
1387 3852 1450 3905 δὲ
1473 3848 1972 3918 ναυσθλωθήσεται

751 3919 1045 3988 Ῥήσσοντι
1069 3920 1275 3988 πηδοῖς
1288 3921 1519 3990 χέρσον.

287 3992 543 4044 Fortassis
566 3991 867 4058 Lycophron
894 4006 955 4041 ea
979 4006 1045 4041 ex
1069 3989 1255 4043 Phineo
1279 3989 1518 4060 Aeschyli
1542 3989 1775 4060 petierat,
1811 3986 1895 4040 ubi
1919 3987 2041 4037 talia
2075 3987 2241 4051 aliqua
2264 3984 2397 4036 indi-

289 4069 398 4112 cata
418 4060 581 4111 fuisse
608 4059 882 4110 verisimile
909 4066 1009 4110 est.

2420 1194 2473 1233 14

2420 2209 2471 2250 15
