<?xml version="1.0" encoding="UTF-8"?>
<!DOCTYPE html PUBLIC "-//W3C//DTD XHTML 1.0 Transitional//EN"
    "http://www.w3.org/TR/xhtml1/DTD/xhtml1-transitional.dtd">
<html xmlns="http://www.w3.org/1999/xhtml" xml:lang="en" lang="en">
 <head>
  <title>
</title>
<meta http-equiv="Content-Type" content="text/html;charset=utf-8" />
  <meta name='ocr-system' content='tesseract 3.04.00' />
  <meta name='ocr-capabilities' content='ocr_page ocr_carea ocr_par ocr_line ocrx_word'/>
</head>
<body>
  <div class='ocr_page' id='page_1' title='image "./ausgewhlteaufst01khgoog_0017.png"; bbox 0 0 2867 4717; ppageno 0'>
   <div class='ocr_carea' id='block_1_1' title="bbox 489 442 1895 509">
    <p class='ocr_par' dir='ltr' id='par_1_1' title="bbox 489 442 1895 509">
     <span class='ocr_line' id='line_1_1' title="bbox 489 442 1895 509; baseline 0.002 -19"><span class='ocrx_word' id='word_1_1' title='bbox 489 444 522 490; x_wconf 76' lang='lat'>4</span> <span class='ocrx_word' id='word_1_2' title='bbox 1201 442 1282 493; x_wconf 86' lang='lat' dir='ltr'><strong>De</strong></span> <span class='ocrx_word' id='word_1_3' title='bbox 1319 443 1631 509; x_wconf 71' lang='lat' dir='ltr'><strong>Aeschyli</strong></span> <span class='ocrx_word' id='word_1_4' title='bbox 1665 442 1895 493; x_wconf 77' lang='lat' dir='ltr'><strong>Persis,</strong></span> 
     </span>
    </p>
   </div>
   <div class='ocr_carea' id='block_1_2' title="bbox 434 599 2607 3745">
    <p class='ocr_par' dir='ltr' id='par_1_2' title="bbox 434 599 2607 3745">
     <span class='ocr_line' id='line_1_2' title="bbox 491 599 2602 688; baseline 0 -19"><span class='ocrx_word' id='word_1_5' title='bbox 491 606 805 686; x_wconf 89' lang='lat' dir='ltr'><strong>conspicua</strong></span> <span class='ocrx_word' id='word_1_6' title='bbox 834 613 972 684; x_wconf 89' lang='lat' dir='ltr'><strong>erat,</strong></span> <span class='ocrx_word' id='word_1_7' title='bbox 1016 607 1293 688; x_wconf 80' lang='lat' dir='ltr'><strong>splendor</strong></span> <span class='ocrx_word' id='word_1_8' title='bbox 1317 616 1374 670; x_wconf 90' lang='lat' dir='ltr'><strong>et</strong></span> <span class='ocrx_word' id='word_1_9' title='bbox 1404 608 1674 688; x_wconf 78' lang='lat' dir='ltr'><strong>dignitaS,</strong></span> <span class='ocrx_word' id='word_1_10' title='bbox 1714 608 1843 681; x_wconf 89' lang='lat' dir='ltr'><strong>illis,</strong></span> <span class='ocrx_word' id='word_1_11' title='bbox 1876 613 1940 669; x_wconf 88' lang='lat' dir='ltr'><strong>ut</strong></span> <span class='ocrx_word' id='word_1_12' title='bbox 1969 599 2105 682; x_wconf 85' lang='lat' dir='ltr'><strong>dixi,</strong></span> <span class='ocrx_word' id='word_1_13' title='bbox 2144 613 2202 668; x_wconf 88' lang='lat' dir='ltr'><strong>et</strong></span> <span class='ocrx_word' id='word_1_14' title='bbox 2231 613 2516 668; x_wconf 87' lang='lat' dir='ltr'><strong>vetustate</strong></span> <span class='ocrx_word' id='word_1_15' title='bbox 2545 614 2602 669; x_wconf 91' lang='lat' dir='ltr'><strong>et</strong></span> 
     </span>
     <span class='ocr_line' id='line_1_3' title="bbox 484 691 2599 773; baseline -0.001 -20"><span class='ocrx_word' id='word_1_16' title='bbox 484 692 767 772; x_wconf 62' lang='lat' dir='ltr'><strong>‘religione</strong></span> <span class='ocrx_word' id='word_1_17' title='bbox 792 692 1111 772; x_wconf 62' lang='lat' dir='ltr'><strong>&#39;plurimum</strong></span> <span class='ocrx_word' id='word_1_18' title='bbox 1143 693 1435 773; x_wconf 89' lang='lat' dir='ltr'><strong>gravitatis</strong></span> <span class='ocrx_word' id='word_1_19' title='bbox 1482 700 1540 755; x_wconf 94' lang='lat' dir='ltr'><strong>et</strong></span> <span class='ocrx_word' id='word_1_20' title='bbox 1579 692 1952 754; x_wconf 87' lang='lat' dir='ltr'><strong>sublimitatis</strong></span> <span class='ocrx_word' id='word_1_21' title='bbox 1976 692 2307 767; x_wconf 86' lang='lat' dir='ltr'><strong>constabat3</strong></span> <span class='ocrx_word' id='word_1_22' title='bbox 2347 691 2457 752; x_wconf 92' lang='lat' dir='ltr'><strong>illis</strong></span> <span class='ocrx_word' id='word_1_23' title='bbox 2498 693 2599 752; x_wconf 90' lang='lat' dir='ltr'><strong>de-</strong></span> 
     </span>
     <span class='ocr_line' id='line_1_4' title="bbox 488 777 2603 862; baseline -0 -25"><span class='ocrx_word' id='word_1_24' title='bbox 488 777 663 856; x_wconf 90' lang='lat' dir='ltr'><strong>nique</strong></span> <span class='ocrx_word' id='word_1_25' title='bbox 693 785 968 862; x_wconf 89' lang='lat' dir='ltr'><strong>tanquam</strong></span> <span class='ocrx_word' id='word_1_26' title='bbox 1000 780 1217 841; x_wconf 90' lang='lat' dir='ltr'><strong>sanctis</strong></span> <span class='ocrx_word' id='word_1_27' title='bbox 1248 778 1598 857; x_wconf 89' lang='lat' dir='ltr'><strong>imaginibus</strong></span> <span class='ocrx_word' id='word_1_28' title='bbox 1628 778 1901 858; x_wconf 89' lang='lat' dir='ltr'><strong>quicquid</strong></span> <span class='ocrx_word' id='word_1_29' title='bbox 1934 778 2005 838; x_wconf 95' lang='lat' dir='ltr'><strong>de</strong></span> <span class='ocrx_word' id='word_1_30' title='bbox 2032 795 2228 839; x_wconf 91' lang='lat' dir='ltr'><strong>rerum</strong></span> <span class='ocrx_word' id='word_1_31' title='bbox 2269 777 2491 849; x_wconf 85' lang='lat' dir='ltr'>ordine,</span> <span class='ocrx_word' id='word_1_32' title='bbox 2531 777 2603 837; x_wconf 94' lang='lat' dir='ltr'><strong>de</strong></span> 
     </span>
     <span class='ocr_line' id='line_1_5' title="bbox 490 861 2602 941; baseline 0 -19"><span class='ocrx_word' id='word_1_33' title='bbox 490 863 735 923; x_wconf 82' lang='lat' dir='ltr'><strong>deorum</strong></span> <span class='ocrx_word' id='word_1_34' title='bbox 766 863 1106 925; x_wconf 90' lang='lat' dir='ltr'><strong>nominibus</strong></span> <span class='ocrx_word' id='word_1_35' title='bbox 1138 872 1195 925; x_wconf 91' lang='lat' dir='ltr'><strong>et</strong></span> <span class='ocrx_word' id='word_1_36' title='bbox 1223 864 1583 936; x_wconf 78' lang='lat' dir='ltr'><strong>numinibuS,</strong></span> <span class='ocrx_word' id='word_1_37' title='bbox 1627 863 1697 924; x_wconf 92' lang='lat' dir='ltr'><strong>de</strong></span> <span class='ocrx_word' id='word_1_38' title='bbox 1726 861 2000 924; x_wconf 86' lang='lat' dir='ltr'><strong>humanis</strong></span> <span class='ocrx_word' id='word_1_39' title='bbox 2032 861 2281 941; x_wconf 89' lang='lat' dir='ltr'><strong>denique</strong></span> <span class='ocrx_word' id='word_1_40' title='bbox 2312 862 2602 923; x_wconf 91' lang='lat' dir='ltr'><strong>conditio-</strong></span> 
     </span>
     <span class='ocr_line' id='line_1_6' title="bbox 489 947 2602 1028; baseline -0 -20"><span class='ocrx_word' id='word_1_41' title='bbox 489 948 665 1009; x_wconf 88' lang='lat' dir='ltr'>nibus</span> <span class='ocrx_word' id='word_1_42' title='bbox 709 948 1183 1028; x_wconf 84' lang='lat' dir='ltr'><strong>praecipiendum</strong></span> <span class='ocrx_word' id='word_1_43' title='bbox 1223 954 1365 1022; x_wconf 87' lang='lat' dir='ltr'><strong>erat,</strong></span> <span class='ocrx_word' id='word_1_44' title='bbox 1418 967 1656 1010; x_wconf 89' lang='lat' dir='ltr'><strong>cernere</strong></span> <span class='ocrx_word' id='word_1_45' title='bbox 1695 956 1865 1028; x_wconf 89' lang='lat' dir='ltr'><strong>atque</strong></span> <span class='ocrx_word' id='word_1_46' title='bbox 1904 947 2288 1027; x_wconf 89' lang='lat' dir='ltr'><strong>contemplari</strong></span> <span class='ocrx_word' id='word_1_47' title='bbox 2315 947 2385 1008; x_wconf 91' lang='lat' dir='ltr'><strong>ab</strong></span> <span class='ocrx_word' id='word_1_48' title='bbox 2441 948 2602 1009; x_wconf 90' lang='lat' dir='ltr'><strong>omni</strong></span> 
     </span>
     <span class='ocr_line' id='line_1_7' title="bbox 437 1032 2603 1114; baseline -0.001 -20"><span class='ocrx_word' id='word_1_49' title='bbox 437 1054 460 1094; x_wconf 77' lang='lat'>⁷</span> <span class='ocrx_word' id='word_1_50' title='bbox 489 1040 758 1111; x_wconf 90' lang='lat' dir='ltr'><strong>tempore</strong></span> <span class='ocrx_word' id='word_1_51' title='bbox 787 1040 1209 1095; x_wconf 87' lang='lat' dir='ltr'><strong>consueverant</strong></span> <span class='ocrx_word' id='word_1_52' title='bbox 1239 1041 1619 1114; x_wconf 79' lang='lat' dir='ltr'><strong>spectatores.</strong></span> <span class='ocrx_word' id='word_1_53' title='bbox 1679 1034 1830 1106; x_wconf 83' lang='lat' dir='ltr'>Quid</span> <span class='ocrx_word' id='word_1_54' title='bbox 1870 1033 2099 1113; x_wconf 86' lang='lat' dir='ltr'><strong>gravius</strong></span> <span class='ocrx_word' id='word_1_55' title='bbox 2131 1032 2376 1093; x_wconf 92' lang='lat' dir='ltr'><strong>omnino</strong></span> <span class='ocrx_word' id='word_1_56' title='bbox 2407 1032 2603 1111; x_wconf 85' lang='lat' dir='ltr'><strong>effingi</strong></span> 
     </span>
     <span class='ocr_line' id='line_1_8' title="bbox 486 1117 2601 1198; baseline -0.001 -19"><span class='ocrx_word' id='word_1_57' title='bbox 486 1124 716 1198; x_wconf 91' lang='lat' dir='ltr'><strong>poterat</strong></span> <span class='ocrx_word' id='word_1_58' title='bbox 744 1119 815 1179; x_wconf 92' lang='lat' dir='ltr'><strong>ad</strong></span> <span class='ocrx_word' id='word_1_59' title='bbox 846 1119 1282 1198; x_wconf 81' lang='lat' dir='ltr'><strong>exprimendam</strong></span> <span class='ocrx_word' id='word_1_60' title='bbox 1323 1118 1478 1180; x_wconf 88' lang='lat' dir='ltr'><strong>illam</strong></span> <span class='ocrx_word' id='word_1_61' title='bbox 1520 1118 1773 1180; x_wconf 87' lang='lat' dir='ltr'><strong>divinam</strong></span> <span class='ocrx_word' id='word_1_62' title='bbox 1802 1117 2225 1190; x_wconf 89' lang='lat' dir='ltr'><strong>necessitatem,</strong></span> <span class='ocrx_word' id='word_1_63' title='bbox 2260 1118 2330 1178; x_wconf 92' lang='lat' dir='ltr'><strong>ad</strong></span> <span class='ocrx_word' id='word_1_64' title='bbox 2362 1135 2601 1178; x_wconf 90' lang='lat' dir='ltr'><strong>omnem</strong></span> 
     </span>
     <span class='ocr_line' id='line_1_9' title="bbox 488 1203 2603 1283; baseline -0 -20"><span class='ocrx_word' id='word_1_65' title='bbox 488 1203 734 1265; x_wconf 91' lang='lat' dir='ltr'><strong>deorum</strong></span> <span class='ocrx_word' id='word_1_66' title='bbox 765 1204 1264 1283; x_wconf 81' lang='lat' dir='ltr'><strong>procurationem,</strong></span> <span class='ocrx_word' id='word_1_67' title='bbox 1295 1204 1368 1265; x_wconf 92' lang='lat' dir='ltr'><strong>ad</strong></span> <span class='ocrx_word' id='word_1_68' title='bbox 1399 1203 1644 1265; x_wconf 88' lang='lat' dir='ltr'><strong>caducas</strong></span> <span class='ocrx_word' id='word_1_69' title='bbox 1674 1203 1818 1277; x_wconf 83' lang='lat' dir='ltr'><strong>illas,</strong></span> <span class='ocrx_word' id='word_1_70' title='bbox 1851 1204 2063 1282; x_wconf 91' lang='lat' dir='ltr'><strong>quibus</strong></span> <span class='ocrx_word' id='word_1_71' title='bbox 2087 1203 2364 1263; x_wconf 87' lang='lat' dir='ltr'><strong>mortales</strong></span> <span class='ocrx_word' id='word_1_72' title='bbox 2391 1220 2423 1263; x_wconf 91' lang='lat' dir='ltr'><strong>a</strong></span> <span class='ocrx_word' id='word_1_73' title='bbox 2448 1203 2603 1264; x_wconf 89' lang='lat' dir='ltr'><strong>bona</strong></span> 
     </span>
     <span class='ocr_line' id='line_1_10' title="bbox 489 1286 2602 1367; baseline -0.001 -17"><span class='ocrx_word' id='word_1_74' title='bbox 489 1286 560 1350; x_wconf 90' lang='lat' dir='ltr'><strong>ad</strong></span> <span class='ocrx_word' id='word_1_75' title='bbox 592 1287 804 1349; x_wconf 92' lang='lat' dir='ltr'><strong>malam</strong></span> <span class='ocrx_word' id='word_1_76' title='bbox 834 1289 1134 1350; x_wconf 88' lang='lat' dir='ltr'><strong>fortunam</strong></span> <span class='ocrx_word' id='word_1_77' title='bbox 1164 1289 1433 1350; x_wconf 86' lang='lat' dir='ltr'><strong>fluctuari</strong></span> <span class='ocrx_word' id='word_1_78' title='bbox 1466 1289 1672 1360; x_wconf 84' lang='lat' dir='ltr'><strong>solent,</strong></span> <span class='ocrx_word' id='word_1_79' title='bbox 1701 1287 2127 1349; x_wconf 85' lang='lat' dir='ltr'><strong>vicissitudines</strong></span> <span class='ocrx_word' id='word_1_80' title='bbox 2158 1286 2416 1367; x_wconf 90' lang='lat' dir='ltr'><strong>propriis</strong></span> <span class='ocrx_word' id='word_1_81' title='bbox 2448 1287 2602 1365; x_wconf 84' lang='lat' dir='ltr'><strong>figu-</strong></span> 
     </span>
     <span class='ocr_line' id='line_1_11' title="bbox 486 1371 2603 1453; baseline -0.001 -20"><span class='ocrx_word' id='word_1_82' title='bbox 486 1372 569 1434; x_wconf 90' lang='lat' dir='ltr'><strong>ris</strong></span> <span class='ocrx_word' id='word_1_83' title='bbox 595 1391 661 1433; x_wconf 88' lang='lat' dir='ltr'><strong>ac</strong></span> <span class='ocrx_word' id='word_1_84' title='bbox 689 1374 932 1452; x_wconf 91' lang='lat' dir='ltr'><strong>picturis</strong></span> <span class='ocrx_word' id='word_1_85' title='bbox 959 1373 1386 1435; x_wconf 87' lang='lat' dir='ltr'><strong>adumbrandas</strong></span> <span class='ocrx_word' id='word_1_86' title='bbox 1402 1409 1489 1417; x_wconf 87' lang='lat'><strong>-—</strong></span> <span class='ocrx_word' id='word_1_87' title='bbox 1505 1373 1641 1453; x_wconf 90' lang='lat' dir='ltr'><strong>quid</strong></span> <span class='ocrx_word' id='word_1_88' title='bbox 1665 1373 1837 1452; x_wconf 87' lang='lat' dir='ltr'><strong>igitur</strong></span> <span class='ocrx_word' id='word_1_89' title='bbox 1853 1373 2082 1453; x_wconf 86' lang='lat' dir='ltr'><strong>gravius</strong></span> <span class='ocrx_word' id='word_1_90' title='bbox 2102 1373 2174 1434; x_wconf 92' lang='lat' dir='ltr'><strong>ad</strong></span> <span class='ocrx_word' id='word_1_91' title='bbox 2190 1392 2255 1433; x_wconf 87' lang='lat' dir='ltr'><strong>ea</strong></span> <span class='ocrx_word' id='word_1_92' title='bbox 2279 1371 2603 1451; x_wconf 83' lang='lat' dir='ltr'><strong>effingenda</strong></span> 
     </span>
     <span class='ocr_line' id='line_1_12' title="bbox 488 1457 2605 1539; baseline -0 -21"><span class='ocrx_word' id='word_1_93' title='bbox 488 1457 736 1518; x_wconf 90' lang='lat' dir='ltr'><strong>inveniri</strong></span> <span class='ocrx_word' id='word_1_94' title='bbox 765 1475 1023 1538; x_wconf 89' lang='lat' dir='ltr'><strong>unquam</strong></span> <span class='ocrx_word' id='word_1_95' title='bbox 1054 1465 1302 1538; x_wconf 87' lang='lat' dir='ltr'><strong>poterat,</strong></span> <span class='ocrx_word' id='word_1_96' title='bbox 1336 1476 1511 1537; x_wconf 89' lang='lat' dir='ltr'><strong>quam</strong></span> <span class='ocrx_word' id='word_1_97' title='bbox 1534 1458 1995 1539; x_wconf 90' lang='lat' dir='ltr'><strong>praeclarissima</strong></span> <span class='ocrx_word' id='word_1_98' title='bbox 2025 1458 2115 1519; x_wconf 93' lang='lat' dir='ltr'><strong>illa</strong></span> <span class='ocrx_word' id='word_1_99' title='bbox 2130 1457 2605 1530; x_wconf 86' lang='lat' dir='ltr'><strong>Labdacidarum,</strong></span> 
     </span>
     <span class='ocr_line' id='line_1_13' title="bbox 489 1542 2604 1623; baseline 0 -21"><span class='ocrx_word' id='word_1_100' title='bbox 489 1542 927 1622; x_wconf 88' lang='lat' dir='ltr'><strong>Pelopidarum,</strong></span> <span class='ocrx_word' id='word_1_101' title='bbox 960 1543 1343 1604; x_wconf 83' lang='lat' dir='ltr'><strong>Aeacidarum</strong></span> <span class='ocrx_word' id='word_1_102' title='bbox 1372 1543 1508 1616; x_wconf 83' lang='lat' dir='ltr'><strong>fata,</strong></span> <span class='ocrx_word' id='word_1_103' title='bbox 1553 1562 1726 1623; x_wconf 88' lang='lat' dir='ltr'><strong>quam</strong></span> <span class='ocrx_word' id='word_1_104' title='bbox 1768 1543 2010 1604; x_wconf 87' lang='lat' dir='ltr'><strong>illustria</strong></span> <span class='ocrx_word' id='word_1_105' title='bbox 2048 1542 2169 1616; x_wconf 91' lang='lat' dir='ltr'><strong>illa,</strong></span> <span class='ocrx_word' id='word_1_106' title='bbox 2212 1562 2357 1622; x_wconf 89' lang='lat' dir='ltr'><strong>quae</strong></span> <span class='ocrx_word' id='word_1_107' title='bbox 2388 1542 2457 1604; x_wconf 90' lang='lat' dir='ltr'><strong>ab</strong></span> <span class='ocrx_word' id='word_1_108' title='bbox 2490 1543 2604 1602; x_wconf 81' lang='lat' dir='ltr'><strong>Ar-</strong></span> 
     </span>
     <span class='ocr_line' id='line_1_14' title="bbox 490 1627 2605 1707; baseline 0 -20"><span class='ocrx_word' id='word_1_109' title='bbox 490 1628 758 1704; x_wconf 89' lang='lat' dir='ltr'><strong>gonautis</strong></span> <span class='ocrx_word' id='word_1_110' title='bbox 783 1628 943 1701; x_wconf 91' lang='lat' dir='ltr'><strong>olim,</strong></span> <span class='ocrx_word' id='word_1_111' title='bbox 975 1634 1074 1689; x_wconf 91' lang='lat' dir='ltr'><strong>aut</strong></span> <span class='ocrx_word' id='word_1_112' title='bbox 1095 1628 1166 1689; x_wconf 89' lang='lat' dir='ltr'><strong>ab</strong></span> <span class='ocrx_word' id='word_1_113' title='bbox 1188 1628 1279 1700; x_wconf 88' lang='lat' dir='ltr'><strong>iis,</strong></span> <span class='ocrx_word' id='word_1_114' title='bbox 1311 1630 1410 1707; x_wconf 93' lang='lat' dir='ltr'><strong>qui</strong></span> <span class='ocrx_word' id='word_1_115' title='bbox 1428 1629 1680 1701; x_wconf 80' lang='lat' dir='ltr'><strong>ThebaS,</strong></span> <span class='ocrx_word' id='word_1_116' title='bbox 1713 1636 1812 1690; x_wconf 91' lang='lat' dir='ltr'><strong>aut</strong></span> <span class='ocrx_word' id='word_1_117' title='bbox 1839 1628 2004 1689; x_wconf 91' lang='lat' dir='ltr'><strong>abiis</strong></span> <span class='ocrx_word' id='word_1_118' title='bbox 2029 1627 2294 1707; x_wconf 89' lang='lat' dir='ltr'><strong>denique,</strong></span> <span class='ocrx_word' id='word_1_119' title='bbox 2328 1627 2426 1706; x_wconf 93' lang='lat' dir='ltr'><strong>qui</strong></span> <span class='ocrx_word' id='word_1_120' title='bbox 2450 1627 2605 1687; x_wconf 91' lang='lat' dir='ltr'><strong>Tro-</strong></span> 
     </span>
     <span class='ocr_line' id='line_1_15' title="bbox 483 1711 2606 1792; baseline 0 -21"><span class='ocrx_word' id='word_1_121' title='bbox 483 1712 605 1791; x_wconf 89' lang='lat' dir='ltr'><strong>jam</strong></span> <span class='ocrx_word' id='word_1_122' title='bbox 638 1720 1148 1792; x_wconf 85' lang='lat' dir='ltr'><strong>oppugnaverant,</strong></span> <span class='ocrx_word' id='word_1_123' title='bbox 1188 1712 1451 1774; x_wconf 88' lang='lat' dir='ltr'><strong>facinora</strong></span> <span class='ocrx_word' id='word_1_124' title='bbox 1491 1720 1715 1792; x_wconf 88' lang='lat' dir='ltr'><strong>patrata</strong></span> <span class='ocrx_word' id='word_1_125' title='bbox 1755 1720 1949 1786; x_wconf 90' lang='lat' dir='ltr'><strong>erant,</strong></span> <span class='ocrx_word' id='word_1_126' title='bbox 2007 1731 2180 1791; x_wconf 88' lang='lat' dir='ltr'><strong>quam</strong></span> <span class='ocrx_word' id='word_1_127' title='bbox 2220 1711 2606 1773; x_wconf 85' lang='lat' dir='ltr'><strong>miraculosae</strong></span> 
     </span>
     <span class='ocr_line' id='line_1_16' title="bbox 489 1797 2607 1875; baseline -0 -18"><span class='ocrx_word' id='word_1_128' title='bbox 489 1797 741 1875; x_wconf 86' lang='lat' dir='ltr'><strong>denique</strong></span> <span class='ocrx_word' id='word_1_129' title='bbox 782 1798 906 1859; x_wconf 89' lang='lat' dir='ltr'><strong>illae</strong></span> <span class='ocrx_word' id='word_1_130' title='bbox 946 1805 1004 1858; x_wconf 91' lang='lat' dir='ltr'><strong>et</strong></span> <span class='ocrx_word' id='word_1_131' title='bbox 1042 1798 1317 1858; x_wconf 88' lang='lat' dir='ltr'><strong>omnibus</strong></span> <span class='ocrx_word' id='word_1_132' title='bbox 1365 1797 1636 1859; x_wconf 90' lang='lat' dir='ltr'><strong>coelitum</strong></span> <span class='ocrx_word' id='word_1_133' title='bbox 1682 1797 2021 1859; x_wconf 88' lang='lat' dir='ltr'><strong>numinibus</strong></span> <span class='ocrx_word' id='word_1_134' title='bbox 2071 1797 2394 1859; x_wconf 88' lang='lat' dir='ltr'><strong>luculentae</strong></span> <span class='ocrx_word' id='word_1_135' title='bbox 2434 1804 2607 1875; x_wconf 92' lang='lat' dir='ltr'><strong>atque</strong></span> 
     </span>
     <span class='ocr_line' id='line_1_17' title="bbox 492 1881 2607 1962; baseline -0 -20"><span class='ocrx_word' id='word_1_136' title='bbox 492 1882 831 1943; x_wconf 86' lang='lat' dir='ltr'><strong>manifestae</strong></span> <span class='ocrx_word' id='word_1_137' title='bbox 861 1901 975 1954; x_wconf 84' lang='lat' dir='ltr'><strong>reS,</strong></span> <span class='ocrx_word' id='word_1_138' title='bbox 1008 1882 1077 1942; x_wconf 87' lang='lat' dir='ltr'><strong>ab</strong></span> <span class='ocrx_word' id='word_1_139' title='bbox 1094 1882 1433 1944; x_wconf 87' lang='lat' dir='ltr'><strong>hominibus</strong></span> <span class='ocrx_word' id='word_1_140' title='bbox 1448 1883 1710 1956; x_wconf 81' lang='lat' dir='ltr'><strong>vetustiS‚</strong></span> <span class='ocrx_word' id='word_1_141' title='bbox 1742 1883 1957 1944; x_wconf 84' lang='lat' dir='ltr'><strong>robore</strong></span> <span class='ocrx_word' id='word_1_142' title='bbox 1980 1889 2038 1943; x_wconf 92' lang='lat' dir='ltr'><strong>et</strong></span> <span class='ocrx_word' id='word_1_143' title='bbox 2060 1882 2343 1962; x_wconf 85' lang='lat' dir='ltr'><strong>sapientia</strong></span> <span class='ocrx_word' id='word_1_144' title='bbox 2358 1881 2607 1942; x_wconf 87' lang='lat' dir='ltr'><strong>maxime</strong></span> 
     </span>
     <span class='ocr_line' id='line_1_18' title="bbox 492 1964 2605 2047; baseline -0.001 -20"><span class='ocrx_word' id='word_1_145' title='bbox 492 1967 806 2045; x_wconf 79' lang='lat' dir='ltr'><strong>insignitiS,</strong></span> <span class='ocrx_word' id='word_1_146' title='bbox 838 1967 1134 2041; x_wconf 81' lang='lat' dir='ltr'><strong>heroibuS,</strong></span> <span class='ocrx_word' id='word_1_147' title='bbox 1161 1967 1565 2041; x_wconf 88' lang='lat' dir='ltr'><strong>daemonibus,</strong></span> <span class='ocrx_word' id='word_1_148' title='bbox 1601 1968 1711 2029; x_wconf 90' lang='lat' dir='ltr'><strong>diis</strong></span> <span class='ocrx_word' id='word_1_149' title='bbox 1736 1968 1985 2047; x_wconf 86' lang='lat' dir='ltr'><strong>denique</strong></span> <span class='ocrx_word' id='word_1_150' title='bbox 2009 1967 2154 2047; x_wconf 91' lang='lat' dir='ltr'><strong>ipsis</strong></span> <span class='ocrx_word' id='word_1_151' title='bbox 2179 1964 2419 2046; x_wconf 74' lang='lat' dir='ltr'><strong>gestae?</strong></span> <span class='ocrx_word' id='word_1_152' title='bbox 2450 1965 2605 2039; x_wconf 85' lang='lat' dir='ltr'><strong>Quid</strong></span> 
     </span>
     <span class='ocr_line' id='line_1_19' title="bbox 492 2051 2606 2133; baseline 0 -22"><span class='ocrx_word' id='word_1_153' title='bbox 492 2052 786 2112; x_wconf 85' lang='lat' dir='ltr'><strong>efficacius</strong></span> <span class='ocrx_word' id='word_1_154' title='bbox 818 2052 993 2113; x_wconf 90' lang='lat' dir='ltr'><strong>simul</strong></span> <span class='ocrx_word' id='word_1_155' title='bbox 1022 2053 1093 2112; x_wconf 88' lang='lat' dir='ltr'><strong>ad</strong></span> <span class='ocrx_word' id='word_1_156' title='bbox 1127 2070 1364 2113; x_wconf 91' lang='lat' dir='ltr'><strong>omnem</strong></span> <span class='ocrx_word' id='word_1_157' title='bbox 1396 2054 1666 2133; x_wconf 88' lang='lat' dir='ltr'><strong>pietatem</strong></span> <span class='ocrx_word' id='word_1_158' title='bbox 1701 2060 1758 2113; x_wconf 91' lang='lat' dir='ltr'><strong>et</strong></span> <span class='ocrx_word' id='word_1_159' title='bbox 1786 2054 2058 2114; x_wconf 88' lang='lat' dir='ltr'><strong>virtutem</strong></span> <span class='ocrx_word' id='word_1_160' title='bbox 2090 2051 2405 2131; x_wconf 87' lang='lat' dir='ltr'><strong>excogitari</strong></span> <span class='ocrx_word' id='word_1_161' title='bbox 2435 2058 2606 2131; x_wconf 91' lang='lat' dir='ltr'><strong>pote-</strong></span> 
     </span>
     <span class='ocr_line' id='line_1_20' title="bbox 491 2136 2607 2216; baseline -0 -19"><span class='ocrx_word' id='word_1_162' title='bbox 491 2142 597 2209; x_wconf 87' lang='lat' dir='ltr'><strong>rat,</strong></span> <span class='ocrx_word' id='word_1_163' title='bbox 629 2154 803 2214; x_wconf 88' lang='lat' dir='ltr'><strong>quam</strong></span> <span class='ocrx_word' id='word_1_164' title='bbox 834 2137 977 2197; x_wconf 90' lang='lat' dir='ltr'><strong>haec</strong></span> <span class='ocrx_word' id='word_1_165' title='bbox 1005 2136 1131 2216; x_wconf 90' lang='lat' dir='ltr'><strong>ipsa</strong></span> <span class='ocrx_word' id='word_1_166' title='bbox 1178 2145 1546 2215; x_wconf 87' lang='lat' dir='ltr'><strong>argumenta,</strong></span> <span class='ocrx_word' id='word_1_167' title='bbox 1589 2137 1689 2198; x_wconf 92' lang='lat' dir='ltr'><strong>ubi</strong></span> <span class='ocrx_word' id='word_1_168' title='bbox 1721 2138 1913 2198; x_wconf 89' lang='lat' dir='ltr'><strong>omnis</strong></span> <span class='ocrx_word' id='word_1_169' title='bbox 1955 2137 2201 2215; x_wconf 84' lang='lat' dir='ltr'><strong>exempli</strong></span> <span class='ocrx_word' id='word_1_170' title='bbox 2254 2138 2607 2197; x_wconf 89' lang='lat' dir='ltr'><strong>documenta</strong></span> 
     </span>
     <span class='ocr_line' id='line_1_21' title="bbox 492 2220 2606 2301; baseline 0 -21"><span class='ocrx_word' id='word_1_171' title='bbox 492 2221 551 2281; x_wconf 92' lang='lat' dir='ltr'><strong>in</strong></span> <span class='ocrx_word' id='word_1_172' title='bbox 597 2220 1027 2299; x_wconf 85' lang='lat' dir='ltr'><strong>augustissimis</strong></span> <span class='ocrx_word' id='word_1_173' title='bbox 1073 2228 1130 2282; x_wconf 90' lang='lat' dir='ltr'><strong>et</strong></span> <span class='ocrx_word' id='word_1_174' title='bbox 1174 2240 1304 2282; x_wconf 91' lang='lat' dir='ltr'><strong>vere</strong></span> <span class='ocrx_word' id='word_1_175' title='bbox 1347 2222 1556 2284; x_wconf 90' lang='lat' dir='ltr'><strong>divinis</strong></span> <span class='ocrx_word' id='word_1_176' title='bbox 1596 2222 1843 2284; x_wconf 90' lang='lat' dir='ltr'><strong>heroum</strong></span> <span class='ocrx_word' id='word_1_177' title='bbox 1891 2229 2062 2301; x_wconf 90' lang='lat' dir='ltr'><strong>atque</strong></span> <span class='ocrx_word' id='word_1_178' title='bbox 2100 2221 2345 2283; x_wconf 89' lang='lat' dir='ltr'><strong>deorum</strong></span> <span class='ocrx_word' id='word_1_179' title='bbox 2387 2239 2606 2282; x_wconf 89' lang='lat' dir='ltr'><strong>monu-</strong></span> 
     </span>
     <span class='ocr_line' id='line_1_22' title="bbox 495 2303 1230 2367; baseline 0 -1"><span class='ocrx_word' id='word_1_180' title='bbox 495 2306 710 2366; x_wconf 89' lang='lat' dir='ltr'><strong>mentis</strong></span> <span class='ocrx_word' id='word_1_181' title='bbox 741 2307 952 2367; x_wconf 89' lang='lat' dir='ltr'><strong>intueri</strong></span> <span class='ocrx_word' id='word_1_182' title='bbox 980 2303 1230 2366; x_wconf 72' lang='lat' dir='ltr'><strong>licebat?</strong></span> 
     </span>
     <span class='ocr_line' id='line_1_23' title="bbox 616 2390 2603 2470; baseline 0 -19"><span class='ocrx_word' id='word_1_183' title='bbox 616 2408 621 2413; x_wconf 72' lang='grc'>’</span> <span class='ocrx_word' id='word_1_184' title='bbox 658 2390 983 2452; x_wconf 90' lang='lat' dir='ltr'><strong>Mirandum</strong></span> <span class='ocrx_word' id='word_1_185' title='bbox 1016 2390 1191 2469; x_wconf 91' lang='lat' dir='ltr'><strong>igitur</strong></span> <span class='ocrx_word' id='word_1_186' title='bbox 1220 2391 1608 2465; x_wconf 88' lang='lat' dir='ltr'><strong>vehementer,</strong></span> <span class='ocrx_word' id='word_1_187' title='bbox 1648 2391 1804 2470; x_wconf 90' lang='lat' dir='ltr'><strong>quod</strong></span> <span class='ocrx_word' id='word_1_188' title='bbox 1838 2391 2191 2453; x_wconf 75' lang='lat' dir='ltr'><strong>exstiterunt¹</strong></span> <span class='ocrx_word' id='word_1_189' title='bbox 2214 2391 2476 2463; x_wconf 91' lang='lat' dir='ltr'><strong>omnino,</strong></span> <span class='ocrx_word' id='word_1_190' title='bbox 2506 2391 2603 2469; x_wconf 90' lang='lat' dir='ltr'><strong>qui</strong></span> 
     </span>
     <span class='ocr_line' id='line_1_24' title="bbox 493 2475 2605 2555; baseline 0 -20"><span class='ocrx_word' id='word_1_191' title='bbox 493 2493 523 2535; x_wconf 93' lang='lat' dir='ltr'><strong>a</strong></span> <span class='ocrx_word' id='word_1_192' title='bbox 570 2475 838 2555; x_wconf 84' lang='lat' dir='ltr'><strong>mythicis</strong></span> <span class='ocrx_word' id='word_1_193' title='bbox 868 2476 1034 2536; x_wconf 86' lang='lat' dir='ltr'><strong>hisce</strong></span> <span class='ocrx_word' id='word_1_194' title='bbox 1063 2475 1240 2536; x_wconf 85' lang='lat' dir='ltr'><strong>rebus</strong></span> <span class='ocrx_word' id='word_1_195' title='bbox 1273 2477 1343 2537; x_wconf 87' lang='lat' dir='ltr'><strong>ad</strong></span> <span class='ocrx_word' id='word_1_196' title='bbox 1376 2495 1601 2547; x_wconf 89' lang='lat' dir='ltr'><strong>eorum,</strong></span> <span class='ocrx_word' id='word_1_197' title='bbox 1636 2495 1781 2554; x_wconf 88' lang='lat' dir='ltr'><strong>quae</strong></span> <span class='ocrx_word' id='word_1_198' title='bbox 1805 2494 1994 2553; x_wconf 88' lang='lat' dir='ltr'><strong>nuper</strong></span> <span class='ocrx_word' id='word_1_199' title='bbox 2014 2483 2175 2555; x_wconf 89' lang='lat' dir='ltr'><strong>gesta</strong></span> <span class='ocrx_word' id='word_1_200' title='bbox 2198 2484 2382 2550; x_wconf 87' lang='lat' dir='ltr'><strong>erant,</strong></span> <span class='ocrx_word' id='word_1_201' title='bbox 2413 2476 2605 2536; x_wconf 90' lang='lat' dir='ltr'><strong>histo-</strong></span> 
     </span>
     <span class='ocr_line' id='line_1_25' title="bbox 491 2560 2605 2641; baseline 0 -21"><span class='ocrx_word' id='word_1_202' title='bbox 491 2560 636 2620; x_wconf 86' lang='lat' dir='ltr'><strong>riam</strong></span> <span class='ocrx_word' id='word_1_203' title='bbox 669 2561 1032 2621; x_wconf 88' lang='lat' dir='ltr'><strong>desciverint.</strong></span> <span class='ocrx_word' id='word_1_204' title='bbox 1095 2560 1295 2640; x_wconf 89' lang='lat' dir='ltr'><strong>Neque</strong></span> <span class='ocrx_word' id='word_1_205' title='bbox 1347 2580 1482 2622; x_wconf 86' lang='lat' dir='ltr'><strong>vero</strong></span> <span class='ocrx_word' id='word_1_206' title='bbox 1530 2561 1588 2621; x_wconf 90' lang='lat' dir='ltr'><strong>id</strong></span> <span class='ocrx_word' id='word_1_207' title='bbox 1631 2561 1705 2621; x_wconf 91' lang='lat' dir='ltr'><strong>ita</strong></span> <span class='ocrx_word' id='word_1_208' title='bbox 1735 2561 1951 2622; x_wconf 87' lang='lat' dir='ltr'><strong>factum</strong></span> <span class='ocrx_word' id='word_1_209' title='bbox 1996 2569 2110 2636; x_wconf 91' lang='lat' dir='ltr'><strong>est,</strong></span> <span class='ocrx_word' id='word_1_210' title='bbox 2151 2561 2284 2641; x_wconf 88' lang='lat' dir='ltr'><strong>quia</strong></span> <span class='ocrx_word' id='word_1_211' title='bbox 2325 2561 2605 2622; x_wconf 86' lang='lat' dir='ltr'><strong>exhausta</strong></span> 
     </span>
     <span class='ocr_line' id='line_1_26' title="bbox 454 2644 2602 2725; baseline 0 -21"><span class='ocrx_word' id='word_1_212' title='bbox 454 2644 726 2724; x_wconf 68' lang='lat' dir='ltr'><strong>&#39;jamjam</strong></span> <span class='ocrx_word' id='word_1_213' title='bbox 768 2664 897 2706; x_wconf 86' lang='lat' dir='ltr'><strong>esse</strong></span> <span class='ocrx_word' id='word_1_214' title='bbox 941 2646 1200 2725; x_wconf 90' lang='lat' dir='ltr'><strong>coeperit</strong></span> <span class='ocrx_word' id='word_1_215' title='bbox 1238 2646 1330 2707; x_wconf 91' lang='lat' dir='ltr'><strong>illa</strong></span> <span class='ocrx_word' id='word_1_216' title='bbox 1375 2646 1763 2725; x_wconf 86' lang='lat' dir='ltr'><strong>mythicorum</strong></span> <span class='ocrx_word' id='word_1_217' title='bbox 1801 2654 2280 2724; x_wconf 89' lang='lat' dir='ltr'><strong>argumentorum</strong></span> <span class='ocrx_word' id='word_1_218' title='bbox 2325 2645 2602 2725; x_wconf 84' lang='lat' dir='ltr'><strong>supellex,</strong></span> 
     </span>
     <span class='ocr_line' id='line_1_27' title="bbox 434 2730 2605 2811; baseline 0.001 -22"><span class='ocrx_word' id='word_1_219' title='bbox 434 2805 441 2808; x_wconf 84' lang='lat'><strong>.</strong></span> <span class='ocrx_word' id='word_1_220' title='bbox 492 2730 591 2790; x_wconf 89' lang='lat' dir='ltr'><strong>sed</strong></span> <span class='ocrx_word' id='word_1_221' title='bbox 625 2737 772 2804; x_wconf 91' lang='lat' dir='ltr'><strong>tum,</strong></span> <span class='ocrx_word' id='word_1_222' title='bbox 805 2730 903 2791; x_wconf 92' lang='lat' dir='ltr'><strong>ubi</strong></span> <span class='ocrx_word' id='word_1_223' title='bbox 932 2731 1182 2791; x_wconf 90' lang='lat' dir='ltr'><strong>intactus</strong></span> <span class='ocrx_word' id='word_1_224' title='bbox 1215 2732 1378 2811; x_wconf 88' lang='lat' dir='ltr'><strong>quasi</strong></span> <span class='ocrx_word' id='word_1_225' title='bbox 1407 2732 1503 2791; x_wconf 92' lang='lat' dir='ltr'><strong>ille</strong></span> <span class='ocrx_word' id='word_1_226' title='bbox 1534 2732 1845 2792; x_wconf 89' lang='lat' dir='ltr'><strong>thesaurus</strong></span> <span class='ocrx_word' id='word_1_227' title='bbox 1867 2731 1957 2805; x_wconf 85' lang='lat' dir='ltr'><strong>iis,</strong></span> <span class='ocrx_word' id='word_1_228' title='bbox 1989 2731 2087 2810; x_wconf 89' lang='lat' dir='ltr'><strong>qui</strong></span> <span class='ocrx_word' id='word_1_229' title='bbox 2116 2731 2440 2810; x_wconf 84' lang='lat' dir='ltr'><strong>tragoedias</strong></span> <span class='ocrx_word' id='word_1_230' title='bbox 2471 2731 2605 2791; x_wconf 89' lang='lat' dir='ltr'><strong>inde</strong></span> 
     </span>
     <span class='ocr_line' id='line_1_28' title="bbox 437 2811 2602 2895; baseline -0.001 -18"><span class='ocrx_word' id='word_1_231' title='bbox 437 2811 468 2877; x_wconf 58' lang='lat' dir='ltr'><strong>&#39;s</strong></span> <span class='ocrx_word' id='word_1_232' title='bbox 496 2815 773 2892; x_wconf 86' lang='lat' dir='ltr'><strong>effingere</strong></span> <span class='ocrx_word' id='word_1_233' title='bbox 835 2815 1128 2888; x_wconf 90' lang='lat' dir='ltr'><strong>volebant,</strong></span> <span class='ocrx_word' id='word_1_234' title='bbox 1174 2816 1496 2877; x_wconf 84' lang='lat' dir='ltr'><strong>constabat.</strong></span> <span class='ocrx_word' id='word_1_235' title='bbox 1559 2815 1755 2894; x_wconf 88' lang='lat' dir='ltr'><strong>Neque</strong></span> <span class='ocrx_word' id='word_1_236' title='bbox 1794 2817 1966 2876; x_wconf 88' lang='lat' dir='ltr'><strong>etiam</strong></span> <span class='ocrx_word' id='word_1_237' title='bbox 2005 2835 2151 2895; x_wconf 88' lang='lat' dir='ltr'><strong>quae</strong></span> <span class='ocrx_word' id='word_1_238' title='bbox 2192 2824 2332 2877; x_wconf 92' lang='lat' dir='ltr'><strong>tunc</strong></span> <span class='ocrx_word' id='word_1_239' title='bbox 2369 2823 2602 2895; x_wconf 90' lang='lat' dir='ltr'><strong>tempo-</strong></span> 
     </span>
     <span class='ocr_line' id='line_1_29' title="bbox 495 2899 2604 2981; baseline 0 -22"><span class='ocrx_word' id='word_1_240' title='bbox 495 2899 575 2959; x_wconf 92' lang='lat' dir='ltr'><strong>ris</strong></span> <span class='ocrx_word' id='word_1_241' title='bbox 607 2906 731 2961; x_wconf 89' lang='lat' dir='ltr'><strong>erat</strong></span> <span class='ocrx_word' id='word_1_242' title='bbox 760 2900 1022 2972; x_wconf 87' lang='lat' dir='ltr'><strong>historia,</strong></span> <span class='ocrx_word' id='word_1_243' title='bbox 1064 2919 1129 2961; x_wconf 89' lang='lat' dir='ltr'><strong>ea</strong></span> <span class='ocrx_word' id='word_1_244' title='bbox 1168 2901 1297 2961; x_wconf 90' lang='lat' dir='ltr'><strong>talis</strong></span> <span class='ocrx_word' id='word_1_245' title='bbox 1329 2908 1469 2973; x_wconf 89' lang='lat' dir='ltr'><strong>erat,</strong></span> <span class='ocrx_word' id='word_1_246' title='bbox 1514 2900 1696 2979; x_wconf 90' lang='lat' dir='ltr'><strong>qualis</strong></span> <span class='ocrx_word' id='word_1_247' title='bbox 1726 2901 2090 2974; x_wconf 87' lang='lat' dir='ltr'><strong>nostratibus</strong></span> <span class='ocrx_word' id='word_1_248' title='bbox 2123 2900 2400 2981; x_wconf 87' lang='lat' dir='ltr'><strong>suppetit,</strong></span> <span class='ocrx_word' id='word_1_249' title='bbox 2446 2900 2604 2979; x_wconf 43' lang='lat' dir='ltr'><strong>ejusm</strong></span> 
     </span>
     <span class='ocr_line' id='line_1_30' title="bbox 493 2984 2602 3065; baseline 0 -20"><span class='ocrx_word' id='word_1_250' title='bbox 493 2984 722 3045; x_wconf 90' lang='lat' dir='ltr'><strong>cemodi</strong></span> <span class='ocrx_word' id='word_1_251' title='bbox 751 2985 927 3046; x_wconf 90' lang='lat' dir='ltr'><strong>rebus</strong></span> <span class='ocrx_word' id='word_1_252' title='bbox 960 2985 1242 3058; x_wconf 90' lang='lat' dir='ltr'><strong>conferta,</strong></span> <span class='ocrx_word' id='word_1_253' title='bbox 1288 2985 1500 3063; x_wconf 87' lang='lat' dir='ltr'><strong>quibus</strong></span> <span class='ocrx_word' id='word_1_254' title='bbox 1532 2986 1657 3063; x_wconf 90' lang='lat' dir='ltr'><strong>ipsa</strong></span> <span class='ocrx_word' id='word_1_255' title='bbox 1688 2986 1973 3064; x_wconf 91' lang='lat' dir='ltr'><strong>temporis</strong></span> <span class='ocrx_word' id='word_1_256' title='bbox 2022 2993 2304 3048; x_wconf 87' lang='lat' dir='ltr'><strong>vetustate</strong></span> <span class='ocrx_word' id='word_1_257' title='bbox 2332 2992 2433 3046; x_wconf 90' lang='lat' dir='ltr'><strong>aut</strong></span> <span class='ocrx_word' id='word_1_258' title='bbox 2461 3005 2602 3065; x_wconf 88' lang='lat' dir='ltr'><strong>spa-</strong></span> 
     </span>
     <span class='ocr_line' id='line_1_31' title="bbox 490 3069 2601 3148; baseline 0 -19"><span class='ocrx_word' id='word_1_259' title='bbox 490 3069 553 3129; x_wconf 92' lang='lat' dir='ltr'><strong>tii</strong></span> <span class='ocrx_word' id='word_1_260' title='bbox 584 3069 1004 3148; x_wconf 84' lang='lat' dir='ltr'><strong>longinquitate</strong></span> <span class='ocrx_word' id='word_1_261' title='bbox 1035 3069 1389 3148; x_wconf 90' lang='lat' dir='ltr'><strong>aliquantum</strong></span> <span class='ocrx_word' id='word_1_262' title='bbox 1435 3070 1730 3147; x_wconf 90' lang='lat' dir='ltr'><strong>dignitatis</strong></span> <span class='ocrx_word' id='word_1_263' title='bbox 1761 3071 1994 3131; x_wconf 87' lang='lat' dir='ltr'><strong>allatum</strong></span> <span class='ocrx_word' id='word_1_264' title='bbox 2023 3071 2216 3131; x_wconf 87' lang='lat' dir='ltr'><strong>fuerit.</strong></span> <span class='ocrx_word' id='word_1_265' title='bbox 2273 3071 2482 3131; x_wconf 90' lang='lat' dir='ltr'><strong>Verum</strong></span> <span class='ocrx_word' id='word_1_266' title='bbox 2516 3090 2601 3141; x_wconf 87' lang='lat' dir='ltr'><strong>ea,</strong></span> 
     </span>
     <span class='ocr_line' id='line_1_32' title="bbox 494 3154 2606 3233; baseline 0 -19"><span class='ocrx_word' id='word_1_267' title='bbox 494 3172 640 3232; x_wconf 89' lang='lat' dir='ltr'><strong>quae</strong></span> <span class='ocrx_word' id='word_1_268' title='bbox 682 3154 742 3215; x_wconf 91' lang='lat' dir='ltr'><strong>in</strong></span> <span class='ocrx_word' id='word_1_269' title='bbox 786 3164 989 3216; x_wconf 89' lang='lat' dir='ltr'><strong>nostra</strong></span> <span class='ocrx_word' id='word_1_270' title='bbox 1033 3154 1330 3232; x_wconf 85' lang='lat' dir='ltr'><strong>tragoedia</strong></span> <span class='ocrx_word' id='word_1_271' title='bbox 1371 3154 1735 3229; x_wconf 84' lang='lat' dir='ltr'><strong>exhibentur,</strong></span> <span class='ocrx_word' id='word_1_272' title='bbox 1773 3163 1829 3216; x_wconf 90' lang='lat' dir='ltr'><strong>ct</strong></span> <span class='ocrx_word' id='word_1_273' title='bbox 1872 3155 2196 3216; x_wconf 90' lang='lat' dir='ltr'><strong>novissimo</strong></span> <span class='ocrx_word' id='word_1_274' title='bbox 2241 3162 2509 3233; x_wconf 91' lang='lat' dir='ltr'><strong>tempore</strong></span> <span class='ocrx_word' id='word_1_275' title='bbox 2549 3162 2606 3215; x_wconf 92' lang='lat' dir='ltr'><strong>et</strong></span> 
     </span>
     <span class='ocr_line' id='line_1_33' title="bbox 492 3238 2601 3319; baseline 0 -20"><span class='ocrx_word' id='word_1_276' title='bbox 492 3239 551 3299; x_wconf 91' lang='lat' dir='ltr'><strong>in</strong></span> <span class='ocrx_word' id='word_1_277' title='bbox 582 3240 708 3318; x_wconf 89' lang='lat' dir='ltr'><strong>ipsa</strong></span> <span class='ocrx_word' id='word_1_278' title='bbox 739 3239 991 3314; x_wconf 88' lang='lat' dir='ltr'><strong>Graecia,</strong></span> <span class='ocrx_word' id='word_1_279' title='bbox 1024 3246 1081 3300; x_wconf 94' lang='lat' dir='ltr'><strong>et</strong></span> <span class='ocrx_word' id='word_1_280' title='bbox 1111 3239 1181 3300; x_wconf 88' lang='lat' dir='ltr'><strong>ab</strong></span> <span class='ocrx_word' id='word_1_281' title='bbox 1213 3239 1358 3318; x_wconf 89' lang='lat' dir='ltr'><strong>ipsis</strong></span> <span class='ocrx_word' id='word_1_282' title='bbox 1389 3240 1461 3300; x_wconf 91' lang='lat' dir='ltr'><strong>iis</strong></span> <span class='ocrx_word' id='word_1_283' title='bbox 1496 3240 1806 3300; x_wconf 85' lang='lat' dir='ltr'><strong>maximam</strong></span> <span class='ocrx_word' id='word_1_284' title='bbox 1839 3248 2081 3318; x_wconf 89' lang='lat' dir='ltr'><strong>partem,</strong></span> <span class='ocrx_word' id='word_1_285' title='bbox 2115 3240 2213 3319; x_wconf 91' lang='lat' dir='ltr'><strong>qui</strong></span> <span class='ocrx_word' id='word_1_286' title='bbox 2244 3238 2601 3319; x_wconf 88' lang='lat' dir='ltr'><strong>spectabant,</strong></span> 
     </span>
     <span class='ocr_line' id='line_1_34' title="bbox 492 3325 2603 3403; baseline 0 -20"><span class='ocrx_word' id='word_1_287' title='bbox 492 3332 654 3401; x_wconf 88' lang='lat' dir='ltr'><strong>gesta</strong></span> <span class='ocrx_word' id='word_1_288' title='bbox 683 3325 940 3402; x_wconf 71' lang='lat' dir='ltr'><strong>erantss).</strong></span> <span class='ocrx_word' id='word_1_289' title='bbox 1004 3325 1372 3403; x_wconf 83' lang='lat' dir='ltr'><strong>Quamquam</strong></span> <span class='ocrx_word' id='word_1_290' title='bbox 1412 3326 1557 3385; x_wconf 91' lang='lat' dir='ltr'><strong>haec</strong></span> <span class='ocrx_word' id='word_1_291' title='bbox 1595 3325 1739 3385; x_wconf 90' lang='lat' dir='ltr'><strong>levia</strong></span> <span class='ocrx_word' id='word_1_292' title='bbox 1781 3332 1937 3396; x_wconf 92' lang='lat' dir='ltr'><strong>sunt,</strong></span> <span class='ocrx_word' id='word_1_293' title='bbox 1985 3326 2033 3385; x_wconf 93' lang='lat' dir='ltr'><strong>si</strong></span> <span class='ocrx_word' id='word_1_294' title='bbox 2073 3346 2137 3386; x_wconf 92' lang='lat' dir='ltr'><strong>ea</strong></span> <span class='ocrx_word' id='word_1_295' title='bbox 2169 3344 2302 3386; x_wconf 91' lang='lat' dir='ltr'><strong>cum</strong></span> <span class='ocrx_word' id='word_1_296' title='bbox 2333 3325 2405 3385; x_wconf 91' lang='lat' dir='ltr'><strong>iis</strong></span> <span class='ocrx_word' id='word_1_297' title='bbox 2438 3343 2603 3385; x_wconf 46' lang='lat' dir='ltr'><strong>com*</strong></span> 
     </span>
     <span class='ocr_line' id='line_1_35' title="bbox 466 3409 2602 3489; baseline 0 -21"><span class='ocrx_word' id='word_1_298' title='bbox 466 3409 804 3486; x_wconf 75' lang='lat' dir='ltr'><strong>paraveriS,</strong></span> <span class='ocrx_word' id='word_1_299' title='bbox 847 3427 994 3487; x_wconf 90' lang='lat' dir='ltr'><strong>quae</strong></span> <span class='ocrx_word' id='word_1_300' title='bbox 1043 3409 1383 3470; x_wconf 91' lang='lat' dir='ltr'><strong>interiorem</strong></span> <span class='ocrx_word' id='word_1_301' title='bbox 1429 3410 1757 3487; x_wconf 88' lang='lat' dir='ltr'><strong>tragoediae</strong></span> <span class='ocrx_word' id='word_1_302' title='bbox 1796 3410 2052 3471; x_wconf 90' lang='lat' dir='ltr'><strong>indolem</strong></span> <span class='ocrx_word' id='word_1_303' title='bbox 2097 3411 2281 3488; x_wconf 86' lang='lat' dir='ltr'><strong>magis</strong></span> <span class='ocrx_word' id='word_1_304' title='bbox 2320 3416 2602 3489; x_wconf 88' lang='lat' dir='ltr'><strong>spectant.</strong></span> 
     </span>
     <span class='ocr_line' id='line_1_36' title="bbox 492 3493 2604 3573; baseline 0 -20"><span class='ocrx_word' id='word_1_305' title='bbox 492 3493 755 3572; x_wconf 86' lang='lat' dir='ltr'><strong>Namque</strong></span> <span class='ocrx_word' id='word_1_306' title='bbox 806 3494 1062 3572; x_wconf 87' lang='lat' dir='ltr'><strong>primum</strong></span> <span class='ocrx_word' id='word_1_307' title='bbox 1104 3494 1504 3555; x_wconf 86' lang='lat' dir='ltr'><strong>difficillimum</strong></span> <span class='ocrx_word' id='word_1_308' title='bbox 1547 3502 1685 3566; x_wconf 88' lang='lat' dir='ltr'><strong>erat,</strong></span> <span class='ocrx_word' id='word_1_309' title='bbox 1732 3514 1801 3554; x_wconf 92' lang='lat' dir='ltr'><strong>ex</strong></span> <span class='ocrx_word' id='word_1_310' title='bbox 1852 3494 2027 3573; x_wconf 88' lang='lat' dir='ltr'><strong>longa</strong></span> <span class='ocrx_word' id='word_1_311' title='bbox 2071 3495 2159 3556; x_wconf 90' lang='lat' dir='ltr'><strong>illa</strong></span> <span class='ocrx_word' id='word_1_312' title='bbox 2201 3514 2399 3556; x_wconf 90' lang='lat' dir='ltr'><strong>rerum</strong></span> <span class='ocrx_word' id='word_1_313' title='bbox 2454 3494 2604 3555; x_wconf 89' lang='lat' dir='ltr'><strong>serie</strong></span> 
     </span>
     <span class='ocr_line' id='line_1_37' title="bbox 493 3579 2603 3658; baseline 0.001 -21"><span class='ocrx_word' id='word_1_314' title='bbox 493 3598 597 3657; x_wconf 88' lang='lat' dir='ltr'><strong>per</strong></span> <span class='ocrx_word' id='word_1_315' title='bbox 625 3579 873 3658; x_wconf 86' lang='lat' dir='ltr'><strong>plurima</strong></span> <span class='ocrx_word' id='word_1_316' title='bbox 906 3580 1189 3658; x_wconf 84' lang='lat' dir='ltr'><strong>temporis</strong></span> <span class='ocrx_word' id='word_1_317' title='bbox 1221 3598 1286 3640; x_wconf 91' lang='lat' dir='ltr'><strong>ac</strong></span> <span class='ocrx_word' id='word_1_318' title='bbox 1307 3579 1420 3639; x_wconf 90' lang='lat' dir='ltr'><strong>loci</strong></span> <span class='ocrx_word' id='word_1_319' title='bbox 1444 3579 1737 3640; x_wconf 88' lang='lat' dir='ltr'><strong>intervalla</strong></span> <span class='ocrx_word' id='word_1_320' title='bbox 1763 3586 2054 3657; x_wconf 88' lang='lat' dir='ltr'><strong>gestarum</strong></span> <span class='ocrx_word' id='word_1_321' title='bbox 2092 3579 2384 3641; x_wconf 84' lang='lat' dir='ltr'><strong>definitam</strong></span> <span class='ocrx_word' id='word_1_322' title='bbox 2420 3579 2603 3640; x_wconf 90' lang='lat' dir='ltr'><strong>actio-</strong></span> 
     </span>
     <span class='ocr_line' id='line_1_38' title="bbox 438 3664 2602 3745; baseline -0.001 -17"><span class='ocrx_word' id='word_1_323' title='bbox 438 3689 463 3728; x_wconf 81' lang='lat' dir='ltr'><strong>e</strong></span> <span class='ocrx_word' id='word_1_324' title='bbox 492 3682 628 3724; x_wconf 78' lang='lat' dir='ltr'><strong>nem</strong></span> <span class='ocrx_word' id='word_1_325' title='bbox 661 3664 891 3725; x_wconf 88' lang='lat' dir='ltr'><strong>efficere</strong></span> <span class='ocrx_word' id='word_1_326' title='bbox 909 3666 987 3740; x_wconf 81' lang='grc'><strong>9).</strong></span> <span class='ocrx_word' id='word_1_327' title='bbox 1049 3665 1265 3725; x_wconf 87' lang='lat' dir='ltr'><strong>Deinde</strong></span> <span class='ocrx_word' id='word_1_328' title='bbox 1294 3682 1415 3724; x_wconf 90' lang='lat' dir='ltr'><strong>non</strong></span> <span class='ocrx_word' id='word_1_329' title='bbox 1450 3664 1643 3725; x_wconf 90' lang='lat' dir='ltr'><strong>solum</strong></span> <span class='ocrx_word' id='word_1_330' title='bbox 1675 3683 1784 3742; x_wconf 91' lang='lat' dir='ltr'><strong>pro</strong></span> <span class='ocrx_word' id='word_1_331' title='bbox 1817 3664 2009 3725; x_wconf 90' lang='lat' dir='ltr'><strong>divino</strong></span> <span class='ocrx_word' id='word_1_332' title='bbox 2045 3665 2162 3739; x_wconf 87' lang='lat' dir='ltr'><strong>ino,</strong></span> <span class='ocrx_word' id='word_1_333' title='bbox 2204 3685 2319 3745; x_wconf 90' lang='lat' dir='ltr'><strong>quo</strong></span> <span class='ocrx_word' id='word_1_334' title='bbox 2351 3664 2602 3745; x_wconf 82' lang='lat' dir='ltr'><strong>mythica</strong></span> 
     </span>
    </p>
   </div>
   <div class='ocr_carea' id='block_1_3' title="bbox 504 3809 731 3815">
    <p class='ocr_par' dir='ltr' id='par_1_3' title="bbox 504 3809 731 3815">
     <span class='ocr_line' id='line_1_39' title="bbox 504 3809 731 3815; baseline 0 0"><span class='ocrx_word' id='word_1_335' title='bbox 504 3809 731 3815; x_wconf 95' lang='lat' dir='ltr'><strong> </strong></span> 
     </span>
    </p>
   </div>
   <div class='ocr_carea' id='block_1_4' title="bbox 565 3883 576 3892">
    <p class='ocr_par' dir='ltr' id='par_1_4' title="bbox 565 3883 576 3892">
     <span class='ocr_line' id='line_1_40' title="bbox 565 3883 576 3892; baseline 0 0"><span class='ocrx_word' id='word_1_336' title='bbox 565 3883 576 3892; x_wconf 76' lang='lat' dir='ltr'><strong>o</strong></span> 
     </span>
    </p>
   </div>
   <div class='ocr_carea' id='block_1_5' title="bbox 491 3877 2603 4158">
    <p class='ocr_par' dir='ltr' id='par_1_5' title="bbox 627 3877 1847 3947">
     <span class='ocr_line' id='line_1_41' title="bbox 627 3877 1847 3947; baseline 0.003 -20"><span class='ocrx_word' id='word_1_337' title='bbox 627 3878 675 3941; x_wconf 88' lang='grc'><strong>8)</strong></span> <span class='ocrx_word' id='word_1_338' title='bbox 702 3877 775 3928; x_wconf 84' lang='lat' dir='ltr'><strong>Ea</strong></span> <span class='ocrx_word' id='word_1_339' title='bbox 801 3877 1001 3928; x_wconf 89' lang='lat' dir='ltr'><strong>uberius</strong></span> <span class='ocrx_word' id='word_1_340' title='bbox 1026 3880 1346 3946; x_wconf 87' lang='lat' dir='ltr'><strong>persequitur</strong></span> <span class='ocrx_word' id='word_1_341' title='bbox 1368 3878 1538 3930; x_wconf 84' lang='lat' dir='ltr'><strong>Herm.</strong></span> <span class='ocrx_word' id='word_1_342' title='bbox 1563 3881 1596 3930; x_wconf 93' lang='lat' dir='ltr'><strong>l.</strong></span> <span class='ocrx_word' id='word_1_343' title='bbox 1623 3897 1666 3931; x_wconf 84' lang='lat' dir='ltr'><strong>c.</strong></span> <span class='ocrx_word' id='word_1_344' title='bbox 1694 3898 1738 3947; x_wconf 92' lang='lat' dir='ltr'><strong>p.</strong></span> <span class='ocrx_word' id='word_1_345' title='bbox 1764 3881 1847 3932; x_wconf 89' lang='grc'><strong>91.</strong></span> 
     </span>
    </p>

    <p class='ocr_par' dir='ltr' id='par_1_6' title="bbox 491 3945 2603 4158">
     <span class='ocr_line' id='line_1_42' title="bbox 626 3945 2601 4017; baseline 0.004 -23"><span class='ocrx_word' id='word_1_346' title='bbox 626 3945 676 4010; x_wconf 90' lang='grc'><strong>9)</strong></span> <span class='ocrx_word' id='word_1_347' title='bbox 702 3945 805 3995; x_wconf 79' lang='lat' dir='ltr'><strong>Hac</strong></span> <span class='ocrx_word' id='word_1_348' title='bbox 828 3951 893 3995; x_wconf 85' lang='lat' dir='ltr'><strong>&#39;ex</strong></span> <span class='ocrx_word' id='word_1_349' title='bbox 917 3954 1059 4011; x_wconf 87' lang='lat' dir='ltr'><strong>parte</strong></span> <span class='ocrx_word' id='word_1_350' title='bbox 1077 3947 1182 4011; x_wconf 79' lang='lat' dir='ltr'><strong>jam</strong></span> <span class='ocrx_word' id='word_1_351' title='bbox 1200 3949 1511 3998; x_wconf 83' lang='lat' dir='ltr'><strong>Aristoteles</strong></span> <span class='ocrx_word' id='word_1_352' title='bbox 1531 3945 1769 4000; x_wconf 85' lang='lat' dir='ltr'><strong>Nostrum</strong></span> <span class='ocrx_word' id='word_1_353' title='bbox 1789 3952 2078 4017; x_wconf 87' lang='lat' dir='ltr'><strong>vituperare</strong></span> <span class='ocrx_word' id='word_1_354' title='bbox 2098 3952 2298 4002; x_wconf 86' lang='lat' dir='ltr'><strong>videtur</strong></span> <span class='ocrx_word' id='word_1_355' title='bbox 2317 3958 2451 4016; x_wconf 85' lang='lat' dir='ltr'><strong>poet.</strong></span> <span class='ocrx_word' id='word_1_356' title='bbox 2466 3965 2601 4001; x_wconf 83' lang='lat' dir='ltr'><strong>xxm.</strong></span> 
     </span>
     <span class='ocr_line' id='line_1_43' title="bbox 491 4013 2601 4085; baseline 0.003 -23"><span class='ocrx_word' id='word_1_357' title='bbox 491 4013 548 4074; x_wconf 83' lang='lat'><strong>33</strong></span> <span class='ocrx_word' id='word_1_358' title='bbox 576 4028 864 4080; x_wconf 80' lang='lat' dir='ltr'><strong>quamquam</strong></span> <span class='ocrx_word' id='word_1_359' title='bbox 890 4015 976 4064; x_wconf 88' lang='lat' dir='ltr'><strong>ille</strong></span> <span class='ocrx_word' id='word_1_360' title='bbox 1001 4016 1179 4066; x_wconf 88' lang='lat' dir='ltr'><strong>nimius</strong></span> <span class='ocrx_word' id='word_1_361' title='bbox 1205 4023 1286 4066; x_wconf 85' lang='lat' dir='ltr'><strong>est</strong></span> <span class='ocrx_word' id='word_1_362' title='bbox 1309 4016 1358 4065; x_wconf 90' lang='lat' dir='ltr'><strong>in</strong></span> <span class='ocrx_word' id='word_1_363' title='bbox 1384 4017 1487 4066; x_wconf 90' lang='lat' dir='ltr'><strong>illis</strong></span> <span class='ocrx_word' id='word_1_364' title='bbox 1514 4018 1722 4081; x_wconf 76' lang='lat' dir='ltr'><strong>reguliS,</strong></span> <span class='ocrx_word' id='word_1_365' title='bbox 1756 4035 1880 4083; x_wconf 82' lang='lat' dir='ltr'><strong>quae</strong></span> <span class='ocrx_word' id='word_1_366' title='bbox 1915 4021 2020 4085; x_wconf 84' lang='lat' dir='ltr'><strong>ipsa</strong></span> <span class='ocrx_word' id='word_1_367' title='bbox 2053 4026 2162 4069; x_wconf 82' lang='lat' dir='ltr'><strong>arte</strong></span> <span class='ocrx_word' id='word_1_368' title='bbox 2196 4020 2351 4068; x_wconf 88' lang='lat' dir='ltr'><strong>multo</strong></span> <span class='ocrx_word' id='word_1_369' title='bbox 2370 4018 2601 4082; x_wconf 88' lang='lat' dir='ltr'><strong>juniores</strong></span> 
     </span>
     <span class='ocr_line' id='line_1_44' title="bbox 492 4082 2603 4158; baseline 0.003 -27"><span class='ocrx_word' id='word_1_370' title='bbox 492 4088 623 4147; x_wconf 83' lang='lat' dir='ltr'><strong>sunt,</strong></span> <span class='ocrx_word' id='word_1_371' title='bbox 659 4097 687 4131; x_wconf 84' lang='lat' dir='ltr'><strong>a</strong></span> <span class='ocrx_word' id='word_1_372' title='bbox 713 4082 882 4148; x_wconf 88' lang='lat' dir='ltr'><strong>primis</strong></span> <span class='ocrx_word' id='word_1_373' title='bbox 907 4084 1181 4150; x_wconf 87' lang='lat' dir='ltr'><strong>quibusque</strong></span> <span class='ocrx_word' id='word_1_374' title='bbox 1207 4084 1332 4135; x_wconf 83' lang='lat' dir='ltr'><strong>artis</strong></span> <span class='ocrx_word' id='word_1_375' title='bbox 1357 4085 1645 4136; x_wconf 84' lang='lat' dir='ltr'><strong>auctoribus</strong></span> <span class='ocrx_word' id='word_1_376' title='bbox 1674 4087 1950 4150; x_wconf 81' lang='lat' dir='ltr'><strong>exigendis.</strong></span> <span class='ocrx_word' id='word_1_377' title='bbox 2002 4086 2210 4137; x_wconf 81' lang='lat' dir='ltr'><strong>Constat</strong></span> <span class='ocrx_word' id='word_1_378' title='bbox 2233 4087 2369 4137; x_wconf 84' lang='lat' dir='ltr'><strong>illam</strong></span> <span class='ocrx_word' id='word_1_379' title='bbox 2395 4087 2603 4158; x_wconf 78' lang='grc' dir='ltr'><em>πρᾶξιν</em></span> 
     </span>
    </p>
   </div>
   <div class='ocr_carea' id='block_1_6' title="bbox 2860 2653 2866 3192">
    <p class='ocr_par' dir='ltr' id='par_1_7' title="bbox 2860 2653 2866 3192">
     <span class='ocr_line' id='line_1_45' title="bbox 2860 2653 2866 3192; baseline 0 0"><span class='ocrx_word' id='word_1_380' title='bbox 2860 2653 2866 3192; x_wconf 95' lang='lat' dir='ltr'><strong> </strong></span> 
     </span>
    </p>
   </div>
  </div>
 </body>
</html>
