2867 4717
926 404 1288 460 Eleusinia
1335 406 1726 477 disputatio
1762 410 2423 465 1.125

296 560 509 670 tepor)
522 560 639 629 καὶ
679 562 798 652 τῆς
840 560 1118 643 παιδός·
1166 563 1283 629 σὺν
1327 563 1404 630 δέ
1448 584 1685 651 σφισιν
1727 560 1984 649 Ἀθηνᾶ
2027 561 2143 629 καὶ
2172 568 2424 631 Ποσει-

300 644 493 716 δῶν3
464 645 691 730 ε’χουσι
721 645 939 730 τιμάς,
971 653 1086 714 hoc
1113 652 1289 732 igitur
1317 654 1603 732 templum
1635 654 1728 715 illa
1758 653 2233 750 Gephyraeorum
2260 672 2423 716 sacra

299 738 693 810 continuisse3
747 755 997 816 quacum
1048 738 1381 799 coniectura
1434 737 1579 798 haec
1630 740 1805 800 altera
1845 739 2153 799 coniuncta
2192 745 2305 811 est,
2359 745 2425 800 ut

299 824 542 884 demum
588 822 650 882 Γ
644 841 906 925 εφυρεις
946 823 1195 884 eundem
1234 822 1419 883 fuisse
1458 829 1707 883 statuam
1749 840 1882 884 cum
1925 841 2025 895 eo,
2073 822 2170 901 qui
2213 823 2421 884 ceteris

300 907 626 988 appellatur
657 898 825 989 Ἱερα
867 903 1062 989 Συκῆ.
1135 909 1494 986 Argumento
1535 915 1627 969 est
1661 915 1791 969 tum
1821 906 1947 986 ipsa
1977 908 2124 969 ratio
2154 908 2422 969 locorum

302 1012 335 1053 a
365 992 650 1054 Pausania
682 991 1145 1069 descriptorum3
1176 1009 1312 1053 nam
1344 999 1587 1071 apparet
1605 992 1892 1071 templum
1915 999 1973 1053 et
1996 992 2171 1053 ficum
2197 1011 2422 1054 sacram

304 1077 570 1156 proxime
600 1095 632 1137 a
662 1075 837 1136 fluvio
870 1076 1154 1155 Cephisso
1180 1084 1239 1137 et
1260 1096 1291 1137 a
1322 1084 1507 1156 ponte
1536 1077 1825 1150 abfuisse3
1848 1084 1974 1137 tum
2000 1078 2154 1156 quod
2181 1077 2426 1138 numina

303 1162 414 1234 illa,
445 1162 516 1221 de
548 1159 757 1241 quibus
787 1167 987 1222 na'rrat
1015 1161 1363 1232 Pausanias,
1405 1169 1638 1223 constat
1665 1182 1697 1223 a
1729 1161 2082 1241 Gephyraeis
2114 1161 2263 1222 culta
2294 1180 2425 1224 esse

302 1254 530 1325 praeter
557 1245 896 1324 Neptunum
931 1245 1157 1319 omnia3
1186 1245 1522 1323 Neptunum
1553 1265 1692 1306 vero
1725 1246 1881 1325 quod
1913 1245 2103 1307 Cereri
2129 1254 2185 1307 et
2206 1246 2422 1307 Miner·
2460 1261 2514 1301 14

303 1350 403 1391 vae
432 1330 837 1402 adiunxerant,
883 1331 998 1391 hoc
1027 1330 1321 1391 mirationi
1353 1349 1486 1390 esse
1514 1330 1718 1408 nequit
1745 1332 1804 1390 in
1834 1336 2027 1407 gente,
2068 1349 2214 1409 quae
2243 1331 2424 1393 mari-

303 1417 505 1477 timam
537 1415 676 1476 olim
711 1433 874 1476 oram
907 1414 1250 1475 accoluerat.
1299 1415 1511 1475 Totam
1543 1422 1736 1476 autem
1760 1415 2059 1492 regionem
2084 1432 2207 1475 non
2230 1416 2422 1476 solum

303 1500 607 1579 gentilibus
640 1499 1116 1578 Gephyraeorum
1149 1500 1332 1560 sacris
1364 1500 1694 1597 religiosam
1724 1500 1924 1573 fuisse,
1957 1500 2059 1560 sed
2091 1500 2163 1560 ad
2194 1500 2423 1578 publica

304 1585 478 1647 etiam
511 1586 751 1645 dearum
773 1584 1202 1645 Eleusiniarum
1234 1602 1396 1645 sacra
1420 1585 1776 1663 pertinuisse
1799 1585 2055 1646 cernitur
2077 1593 2202 1645 tum
2228 1604 2295 1644 ex
2320 1603 2421 1663 ge-

301 1668 620 1749 phyrismis
645 1668 741 1747 qui
775 1668 1148 1742 vocabantur,
1180 1676 1304 1730 tum
1338 1688 1406 1729 ex
1431 1670 1564 1743 hoc,
1586 1670 1745 1772 quod
1772 1671 1843 1730 de
1865 1668 1992 1729 vico
2019 1668 2228 1730 Sacrae
2251 1669 2422 1730 Ficus

302 1756 545 1815 adnotat
574 1753 1031 1815 Philostratusl.
1066 1773 1115 1815 c.
1147 1749 1232 1815 τὰ
1278 1747 1353 1814 δὲ
1391 1744 1911 1816 Ἐλευσινόθενζ
1890 1748 2032 1834 ιερὰ
2072 1747 2310 1837 ἐπειδὴ
2357 1748 2425 1827 ἒς

305 1830 469 1900 ἷίστυ
514 1829 814 1918 ἄγουσιν,
860 1832 996 1901 ἐκεῖ
1039 1829 1510 1900 αναπαύουσιν.
1580 1839 1661 1899 De
1713 1838 2143 1921 γεφυρισμοῖς
2193 1844 2426 1899 constat

302 1943 373 1984 ex
412 1923 705 1985 Strabone
744 1923 849 1995 lx,
892 1923 1045 1994 400,
1091 1923 1188 2001 qui
1228 1922 1393 1983 locus
1440 1941 1619 2001 supra
1660 1923 1987 2000 exscriptus
2027 1931 2142 1992 est,
2176 1922 2424 2001 Hesych.

305 2028 353 2069 s.
386 2028 456 2081 v.,
486 2007 800 2068 Ammonio
834 2007 905 2067 de
936 2007 1054 2067 diff.
1088 2006 1242 2066 verb.
1269 2026 1326 2085 p.
1358 2006 1579 2085 128sq.
1613 2026 1662 2067 c.
1695 2015 1819 2066 not.
1853 2007 2122 2067 Valcken.
2143 2008 2217 2081 6).
2287 2008 2426 2068 Erat

303 2092 419 2152 hoc
443 2056 735 2153 ludicrum
779 2091 924 2152 eius.
946 2091 1204 2170 generis,
1248 2091 1411 2152 cuius
1444 2091 1647 2170 quod
1633 2110 1692 2151 in
1723 2091 1886 2152 festis
1918 2090 2110 2153 Liberi
2142 2091 2323 2169 patris
2354 2085 2429 2167 ἐξ

305 2170 573 2254 ἁμαξῶν
616 2175 1013 2254 appellabatur
1060 2168 1493 2254 (Paroemiogr.
1541 2176 1586 2242 l.
1632 2195 1691 2255 p.
1740 2176 1896 2251 453)
1952 2195 2019 2237 ac
2067 2170 2313 2259 Στήνια
2362 2177 2422 2237 in

305 2260 797 2356 Thesmophoriis
838 2264 921 2333 (v.
963 2261 1241 2323 Zeitschr.
1285 2261 1325 2320 f.
1368 2262 1434 2321 A.
1484 2260 1644 2322 1835
1688 2260 1797 2321 Νο.
1831 2260 1912 2322 98
1939 2281 1995 2340 p.
2029 2261 2198 2363 792).
2251 2261 2425 2322 Assi-

304 2345 479 2407 debat
509 2346 600 2407 cui
629 2345 968 2406 facetiarum
1008 2344 1188 2406 libido
1230 2354 1351 2406 erat
1380 2345 1440 2405 in
1470 2353 1705 2425 ponte
1686 2347 1844 2406 inde
1876 2339 2275 2447 γεφυριζειν,
2318 2364 2425 2426 γε·

303 2423 647 2512 φυριστής,
696 2423 1124 2513 γεφυρισμός)
1150 2449 1523 2530 personaque
1552 2430 1755 2491 induta
1787 2423 2428 2509 (συγκαλυπτόμενος

302 2514 579 2593 Hesych.)
614 2521 836 2595 mystas
868 2522 1306 2593 praetereuntes
1337 2508 1411 2589 ἐξ
1453 2506 1774 2592 ὀνόματος
1796 2514 2225 2586 ludificabatur3
2257 2516 2423 2576 cuius

302 2600 622 2660 dicacitatis
653 2600 912 2677 exempla
944 2599 1276 2678 suppeditat
1302 2599 1764 2678 Aristophanes
1749 2617 1806 2659 in
1833 2599 2012 2660 Ranis
2038 2619 2089 2659 v.
2117 2598 2238 2660 390
2263 2617 2425 2678 sqq.3

303 2684 429 2745 416
462 2703 590 2763 sqq.
665 2685 750 2744 Ad
793 2684 1156 2744 notationem
1197 2703 1333 2744 vero
1365 2684 1703 2744 Philostrati
1750 2684 1908 2762 quod
1942 2683 2164 2754 attinet,
2206 2691 2422 2762 mystas

300 2769 365 2828 in
394 2768 521 2829 vico
548 2770 757 2830 Sacrae
781 2769 952 2828 Ficus
985 2768 1278 2845 paullatim
1312 2767 1665 2840 substitisse,
1698 2786 1831 2827 cum
1862 2785 2025 2828 sacra
2048 2766 2340 2828 Eleusinia
2363 2767 2424 2827 in

299 2853 509 2913 urbem
543 2855 862 2924 duxissent,
895 2854 1164 2931 equidem
1196 2869 1317 2911 non
1351 2853 1422 2911 de
1453 2852 1644 2927 reditu
1672 2859 1993 2930 mystarum
2029 2852 2421 2930 cogitaverim,

300 2957 419 3015 quo
461 2956 624 2999 sacra
664 2938 784 3007 illa,
831 2956 978 3016 quae
1020 2937 1078 2997 in
1122 2955 1340 3015 pompa
1369 2936 1560 2997 Iacchi
1592 2936 1808 2998 XXmo
1840 2935 2291 2998 Boedromionis
2332 2937 2424 2997 die

297 3022 635 3083 Eleusinem
668 3024 839 3082 ducta
870 3031 1052 3093 erant,
1082 3021 1339 3082 Athenas
1370 3021 1814 3099 reportaverint,
1848 3023 1950 3082 sed
1983 3022 2054 3081 de
2077 3021 2181 3081 alia
2205 3040 2423 3100 pompa

299 3106 531 3185 alioque
571 3107 691 3180 die3
733 3124 869 3166 nam
912 3106 1180 3166 videntur
1220 3114 1442 3185 mystae
1473 3107 1645 3166 etiam
1677 3106 1806 3165 XVI
1827 3125 1924 3166 mo
1961 3107 2015 3166 d.
2045 3105 2284 3178 Boedr„
2324 3106 2422 3185 qui

299 3191 426 3251 dies
458 3191 773 3252 vocabatur
803 3181 1008 3252 ἅλαδε
1049 3183 1317 3292 μύσται,
1339 3191 1671 3251 Eleusinem
1673 3190 2133 3292 commigrasse,
2159 3209 2208 3248 v.
2226 3152 2419 3290 Ε’ῐγῐιι.

298 3276 375 3334 M.
408 3295 476 3379 p.
501 3276 644 3347 469,
683 3266 812 3336 18‘
792 3270 969 3373 ιερὰ
985 3267 1142 3347 ὁδὸς
1189 3265 1342 3348 ὁδός
1386 3294 1492 3347 τις
1534 3267 1611 3357 ἦν
1652 3266 1691 3356 ἦ
1741 3267 1836 3348 εἷς
1859 3265 2248 3335 Ἐλευσῖνα3
2219 3265 2418 3355 οἱγου-
2457 3291 2507 3332 15

298 3375 409 3435 σα,
456 3349 534 3442 ἣν
578 3351 863 3421 aulam
908 3378 972 3420 οι
1016 3353 1266 3437 μύσται
1322 3352 1620 3434 &taciem
1700 3359 1911 3419 Verum
1964 3360 2080 3419 hoc
2131 3367 2258 3419 utut
2310 3367 2418 3430 est,

437 3647 486 3709 6)
525 3646 630 3696 Hoc
653 3665 753 3698 uno
778 3649 889 3698 loco
925 3656 978 3698 et
1000 3650 1128 3713 apud
1153 3648 1323 3698 Thom.
1351 3648 1484 3711 Mag.
1512 3665 1560 3699 v.
1589 3649 1855 3718 σκῶμμα,
1888 3648 1972 3699 ubi
1991 3650 2160 3699 eadem
2177 3656 2419 3730 repetun-

297 3720 399 3774 tur,
434 3715 495 3763 de
528 3715 754 3796 pluribus
781 3718 1014 3782 pontibus
1040 3717 1265 3782 Cephissi
1301 3723 1632 3780 memoratur,
1669 3712 2022 3800 γεφυρισμὸς
2056 3714 2118 3767 δὲ
2160 3711 2277 3765 ἀπὸ
2319 3717 2419 3765 τοῦ

298 3778 431 3836 ’τοὺς
465 3778 765 3855 Ἀθήνησιν
787 3783 1019 3836 ἐπὶτῶν
1042 3783 1304 3865 γεφυρῶν
1329 3755 1719 3852 encypcizpezst
1686 3802 1810 3849 ητοι
1837 3780 2138 3864 ἔμμετρα
2109 3803 2138 3847 η
2166 3785 2259 3833 καὶ
2284 3782 2419 3849 δίχα

295 3848 520 3915 μέτρων
557 3848 610 3899 δι
596 3847 905 3930 ιασυρμούς
940 3867 1106 3902 τινων
1142 3849 1366 3918 ἔχονται
1406 3867 1529 3916 quae
1571 3860 1733 3902 tamen
1771 3854 2054 3901 testimonia
2091 3852 2210 3900 nihil
2247 3851 2420 3901 valent

297 3923 475 3965 contra
520 3920 810 3969 coniunctas
853 3920 1157 3984 reliquorum
1204 3919 1555 3982 auctoritatae,
1597 3920 1896 3985 praesertim
1940 3935 2048 3968 cum
2083 3920 2231 3968 etiam
2265 3919 2327 3967 de
2363 3935 2417 3969 re

292 3999 469 4049 parum
493 3994 728 4036 accurate
754 3985 994 4036 referant.

436 4054 485 4116 7)
526 4052 618 4116 [ef.
645 4054 1020 4104 Westermann.
1049 4054 1095 4102 in
1116 4052 1365 4104 Zeitschr.
1391 4051 1475 4104 fur
1499 4055 1578 4104 die
1596 4054 1972 4104 Alterthumsw.
1997 4051 2142 4116 1843,
2165 4070 2209 4119 p.
2237 4053 2350 4104 667.
2355 4056 2371 4118 ]
