2867 4717
961 440 1045 490 De
1080 439 1383 507 Aeschyli
1418 440 1659 492 Persis.
2334 443 2367 492 3

248 601 442 678 poetis
469 603 695 677 graecis
724 601 1006 681 obtigisse
1032 605 1396 680 crediderim,
1429 606 1590 685 quod
1620 606 1658 667 ii
1687 621 1813 670 non
1840 610 1959 666 tam
1989 604 2216 668 blandis
2237 606 2369 669 Mu-

250 703 451 748 sarum
489 687 797 751 lenociniis
840 687 1126 751 oblectare
1165 690 1346 765 cives,
1398 707 1573 770 quam
1614 691 1873 753 adinstar
1920 698 2367 770 praeceptorum

247 770 625 849 publicorum
656 780 892 834 sanctos
915 774 1045 836 illos
1086 775 1340 854 mythoS,
1383 775 1596 854 quibus
1640 776 1866 855 publica
1904 775 2049 836 fides
2093 782 2151 837 et
2189 775 2370 838 disci-

249 855 409 934 plina
463 858 788 929 constabat,
842 865 899 919 et
947 860 1327 938 propagando
1378 868 1438 921 et
1481 860 1916 940 interpretando
1960 861 2265 924 instituere
2314 868 2372 922 et

249 941 483 1002 erudire
512 941 670 1003 cives
700 941 1064 1005 videbantur.

418 1027 681 1106 Apparet
694 1034 908 1101 autem,
940 1029 1212 1090 hocloco
1242 1029 1484 1090 nonnisi
1501 1048 1605 1090 eos
1636 1036 1842 1107 poetas
1857 1028 1988 1102 dici,
2019 1029 2119 1108 qui
2149 1036 2366 1092 certam

248 1109 499 1189 aliquam
532 1130 658 1172 rem
684 1112 1045 1175 carminibus
1083 1113 1452 1193 propositam
1493 1114 1658 1193 sequi
1682 1114 2123 1187 consueverint,
2164 1114 2363 1194 epicos
2393 1128 2419 1167 5

250 1202 309 1255 et
335 1195 593 1274 tragicos
610 1198 688 1272 5).
763 1197 881 1259 Sed
921 1197 994 1259 ab
1035 1199 1217 1276 epicis
1270 1199 1363 1260 illa
1404 1199 1601 1278 potius
1633 1198 1968 1278 mythorum
1999 1205 2163 1279 parte
2193 1216 2370 1262 occu-

248 1286 400 1358 pata,
426 1298 544 1359 qua
573 1283 732 1360 quod
763 1281 834 1343 ab
865 1282 1141 1344 heroibus
1173 1284 1468 1363 praeclare
1495 1291 1726 1362 gestum
1758 1291 1901 1356 erat,
1929 1283 2263 1348 tradebatur
2280 1285 2369 1360 ‘)3

248 1366 455 1443 tragici
494 1374 702 1428 contra
740 1366 983 1429 idealem
1031 1376 1259 1447 partem
1309 1368 1834 1448 amplectebantur,
1870 1369 2086 1448 quippe
2116 1387 2369 1448 quorum

248 1448 304 1510 id
326 1450 588 1512 maxime
616 1460 754 1524 erat,
783 1460 850 1514 ut
878 1459 1062 1515 certas
1093 1453 1218 1514 illas
1243 1453 1422 1526 ideaS‚
1454 1453 1670 1532 quibus
1700 1453 1759 1514 id
1789 1453 1945 1532 quod
1971 1453 2223 1533 antiquis
2246 1460 2368 1514 tra-

250 1533 448 1611 gicum
489 1553 625 1597 esse
662 1536 963 1599 videbatur
995 1538 1271 1614 cernitur,
1312 1538 1537 1600 idoneis
1585 1537 1919 1599 fictionibus
1959 1538 2030 1599 ad
2071 1537 2367 1599 definitam

250 1619 546 1681 actionem
577 1628 635 1681 et
662 1622 1039 1701 particulares
1067 1641 1265 1684 mores
1294 1630 1468 1702 atque
1498 1641 1786 1703 personas
1833 1623 2240 1702 exprimerent.
2298 1623 2368 1682 In

251 1722 364 1782 qua
393 1722 460 1765 re
505 1706 728 1782 agenda
759 1724 881 1767 non
913 1708 1094 1768 modo
1126 1726 1292 1779 usus,
1334 1727 1538 1768 verum
1581 1708 1786 1769 intima
1827 1708 2020 1780 etiam,
2063 1726 2209 1788 quae
2245 1714 2371 1769 erat

250 1806 489 1866 graecae
519 1791 851 1868 tragoediae
894 1791 1120 1852 indoles
1159 1800 1217 1853 et
1254 1810 1384 1853 vera
1427 1792 1514 1853 vis
1544 1792 1601 1852 id
1648 1792 1990 1870 imponebat
2018 1791 2273 1871 tragicis,
2304 1800 2371 1853 ut

248 1874 517 1952 priscum
549 1875 707 1949 illud,
747 1877 905 1955 quod
938 1877 1049 1938 arti
1080 1896 1220 1938 suae
1259 1895 1392 1938 cum
1421 1878 1637 1956 mythis
1669 1877 2078 1949 intercedebat,
2123 1894 2373 1938 consor-

250 1958 397 2019 tium
442 1965 765 2021 tuerentur.
833 1961 1097 2039 Namque
1127 1961 1220 2022 illa
1250 1962 1549 2039 tragoedia
1588 1979 1721 2022 cum
1768 1961 2040 2039 primitus
2086 1960 2167 2021 nil
2218 1961 2369 2021 aliud

249 2041 463 2105 fuisset
508 2043 621 2105 nisi
657 2045 1127 2110 ceremoniarum
1158 2046 1217 2106 in
1247 2046 1508 2125 Dionysii
1558 2045 1767 2106 Lenaei
1829 2044 1985 2107 cultu
2036 2045 2368 2106 solennium

250 2128 443 2207 aliqua
473 2147 632 2207 parS,
676 2129 886 2209 quihus
918 2131 1265 2194 naturalium
1307 2149 1504 2192 rerum
1551 2130 1811 2191 defectus
1855 2137 1911 2189 et
1945 2130 2217 2191 interitus
2256 2148 2368 2208 pu·
2397 2150 2422 2189 c

250 2212 397 2273 blice
427 2213 804 2292 lugebantur:
843 2216 1060 2276 factum
1103 2223 1210 2289 est,
1252 2222 1315 2277 ut
1344 2216 1603 2295 primum
1644 2215 1878 2293 quidem
1916 2215 1976 2274 in
2009 2214 2368 2292 Dionysiacis

252 2297 633 2375 potissimum
658 2299 869 2360 fabulis
893 2307 1240 2372 versaretur,
1271 2300 1481 2361 deinde
1502 2307 1816 2379 postquam
1843 2299 2151 2378 proprium
2174 2299 2371 2377 quod-

254 2382 385 2442 dam
418 2382 697 2444 ludorum
729 2402 912 2461 genus
943 2385 1257 2457 exstiterat,
1283 2385 1345 2446 in
1377 2403 1583 2445 omnes
1608 2384 1879 2463 protinus
1902 2384 2140 2461 mythos
2160 2383 2239 2443 ita
2263 2402 2372 2443 ex-

255 2475 533 2540 curreret,
573 2475 639 2529 ut
676 2469 948 2547 quicquid
988 2470 1059 2530 ad
1099 2469 1224 2549 ejus
1264 2470 1425 2530 ideas
1472 2476 1605 2549 apte
1656 2468 2067 2529 describendas
2120 2467 2372 2527 maxime

255 2552 769 2613 accommodatum
801 2560 942 2626 erat,
981 2554 1041 2615 id
1085 2574 1155 2615 ex
1190 2554 1353 2631 largo
1393 2554 1493 2616 illo
1535 2560 2012 2632 argumentorum
2066 2552 2371 2631 complexu

256 2635 726 2715 depromeret7).
795 2638 912 2699 Illis
943 2638 1099 2699 enim
1128 2638 1527 2719 amplissimus
1557 2638 1666 2714 ille,
1697 2657 1814 2717 quo
1846 2655 2048 2715 graeca
2076 2636 2371 2714 tragoedia

392 2875 443 2938 5)
468 2875 644 2942 Lyrici
670 2877 798 2926 enim
824 2876 975 2927 rebus
1001 2876 1072 2926 ita
1095 2875 1263 2943 potius
1287 2881 1511 2940 utuntur,
1537 2881 1594 2924 ut
1617 2889 1701 2923 res
1728 2888 1925 2936 sensae,
1950 2887 2092 2938 quam
2119 2879 2173 2922 ut
2191 2888 2370 2923 sensns

258 2959 339 2993 res
364 2959 420 2992 se
456 2950 659 2993 uantur.

392 2960 453 3072 ὃς
467 3010 596 3061 Vide
622 3013 738 3077 quid
762 3012 1004 3062 acciderit
1027 3010 1280 3062 Choerilo.
1327 3009 1424 3076 Qui
1443 3008 1673 3060 fabuloso
1699 3010 1806 3074 illo,
1828 3025 1923 3075 quo
1948 3009 2065 3058 viva
2088 3009 2371 3075 mythorum

261 3080 395 3144 copia
417 3078 571 3144 epicis
598 3080 960 3145 suppeditabat,
985 3096 1110 3131 aevo
1147 3079 1351 3143 jamjam
1384 3079 1586 3144 elapsus
1613 3079 1755 3127 initio
1793 3077 2028 3127 carminis
2068 3077 2146 3126 sui
2180 3077 2370 3139 ignosci

259 3148 351 3263 ἓίὺί
398 3153 639 3264 oplortere
684 3148 820 3209 dicit,
869 3149 997 3213 quod
1045 3149 1106 3197 de
1154 3147 1303 3198 rebus
1349 3147 1641 3210 vulgaribus
1689 3146 1913 3195 scribere
1962 3150 2245 3207 cogeretur.
2294 3141 2368 3194 ef.

281 3230 303 3263 r
386 3222 422 3265 t.
478 3231 514 3263 .:

303 3231 381 3277 ἕω
531 3271 589 3332 ,Ἄ
610 3276 801 3351 μάκαρ
826 3275 982 3339 ὅστις
1014 3279 1107 3346 ἔην
1130 3284 1314 3333 κεῖνον
1339 3276 1555 3363 χρόνον
1593 3278 1739 3347 ἴδρις
1771 3277 1985 3359 ἀοιδῶγ

530 3345 825 3402 Μουσάων
847 3346 1134 3417 θεράπων,
1159 3343 1234 3400 ὅτ’
1274 3346 1547 3416 ἀκηρατος
1576 3339 1646 3412 ἦν
1679 3347 1762 3399 ἔτι
1794 3349 2017 3417 λειμων.

527 3419 653 3469 Νῦν
686 3413 733 3467 δ’
752 3416 845 3469 ὅτε
874 3413 1061 3471 πάντα
1085 3415 1370 3480 δέδασται,
1398 3416 1591 3484 ἔχουσι
1615 3414 1677 3468 δὲ
1701 3418 1803 3468 πεί
1835 3432 1940 3466 ατα
1965 3416 2170 3484 τέχναι,

520 3479 783 3536 Ὕστατοι
809 3480 951 3537 ὥστε
976 3481 1194 3555 δρόμου
1217 3480 1647 3553 καταλειπόμεθ’
1665 3499 1676 3512 ·
1728 3479 1793 3536 οὐ
1836 3484 1866 3534 έ
1884 3500 1972 3535 τοι
2000 3483 2155 3536 ἔσται

528 3548 723 3617 Πάντη
749 3555 1139 3605 παπταίνοντα
1161 3551 1412 3621 νεοζυγὲς
1433 3548 1589 3621 ἅρμα
1614 3548 1894 3603 πελάσσαι

394 3621 443 3684 7)
479 3619 555 3670 De
580 3629 746 3685 arcto,
789 3638 884 3687 quo
909 3622 1172 3685 tragoedia
1205 3635 1386 3684 graeca
1429 3636 1540 3670 cum
1581 3621 1766 3687 mythis
1807 3619 2098 3682 tenebatur,
2142 3633 2371 3668 connexu

262 3689 616 3739 disseruerunt
647 3689 841 3739 Heeren
876 3689 1027 3740 Ideen
1045 3688 1084 3738 1.
1110 3688 1210 3739 486
1235 3696 1289 3739 et
1311 3689 1374 3738 Α.
1399 3688 1487 3739 W.
1515 3688 1747 3751 Schlegel
1786 3687 1843 3739 V
1842 3685 2019 3738 orless.
2047 3685 2083 3736 1.
2114 3686 2228 3736 118.
2279 3684 2373 3734 Die

259 3758 572 3820 griechisclze
595 3756 910 3823 Mytlzologie
926 3773 1040 3808 war
1063 3760 1142 3807 ein
1170 3754 1377 3808 Gewebe
1408 3756 1694 3807 nationaler
1716 3755 1825 3807 und
1857 3755 2099 3805 o'rtliclzer
2126 3751 2374 3806 Ueberlie-

250 3824 533 3890 ser-unger»,
554 3824 724 3891 gleiclz
746 3825 1022 3875 verekrliclz
1044 3825 1122 3876 als
1139 3828 1218 3874 ein
1237 3825 1467 3890 Anhang
1490 3824 1583 3874 der
1606 3823 1719 3874 Reli
1766 3826 1855 3886 'on,
1882 3822 2080 3874 iiber-all
2100 3820 2261 3871 durch
2281 3816 2375 3870 Ge-

266 3892 482 3942 brc’z'uclze
522 3893 632 3943 und
659 3892 966 3944 Denltme'iler
999 3895 1053 3943 in
1094 3892 1497 3957 volksmdssiger
1527 3891 1630 3942 Leb
1740 3894 1750 3906 ⁶
1785 3892 1894 3941 keit
1929 3890 2171 3952 erhalten,
2212 3887 2373 3938 durch

266 3958 343 4009 die
363 3961 768 4027 manm'gsaltige
794 3961 1130 4026 Beliandlung
1159 3960 1469 4011 zalalreicher
1500 3960 1731 4028 epi-selem·
1767 3959 1888 4009 oder
1920 3959 2028 4008 blas
2059 3954 2375 4021 mythischer

265 4026 467 4079 Dichter
474 4028 591 4094 siit·
611 4028 706 4079 das
722 4029 1033 4096 Bedic'rfm‘ss
1057 4029 1148 4080 der
1163 4029 1331 4079 Hunst
1352 4027 1461 4079 und
1480 4029 1677 4078 lzo'lzern
1694 4027 1876 4076 Poe-rie
1898 4026 2053 4075 selum
2075 4026 2372 4075 zubereitet.

267 4092 431 4147 Somit
450 4097 629 4148 hatten
653 4097 735 4148 die
764 4096 1016 4164 Traffilcer
1039 4113 1142 4149 nur
1162 4097 1347 4147 Poecie
1369 4097 1476 4162 auf
1490 4096 1674 4146 Poesie
1706 4110 1772 4152 zu
1793 4093 1991 4160 impsen
2013 4108 2062 4143 α.
2086 4107 2128 4142 ε.
2153 4107 2218 4142 w.

1910 4173 1973 4226 ¹*
