2867 4717
872 1392 981 1472 DE
1030 1389 1410 1470 inscium
1470 1389 1779 1472 Psssssls.
1870 1345 1874 1350 ’

52 1673 59 1730 ξ
256 1668 591 1731 (Dissertatio
617 1669 926 1734 inauguralis
950 1684 1092 1735 quam
1117 1667 1408 1734 amplissimi
1431 1667 1835 1733 philosophorum
1862 1670 2053 1721 ordinis
2077 1672 2379 1723 auctoritate

52 1759 57 1802 ι
258 1744 314 1786 et
340 1752 594 1787 consensu
619 1736 669 1787 in
703 1739 952 1788 academia
980 1736 1199 1800 Georgia
1223 1736 1453 1800 Augusta
1483 1735 1543 1784 ad
1571 1750 1786 1786 summos
1812 1736 1860 1785 in
1886 1739 2079 1802 philoso
2115 1740 2195 1789 hia
2220 1742 2377 1789 hono-

257 1820 347 1854 res
378 1806 477 1854 rite
502 1807 838 1870 capessendos
864 1806 942 1855 die
978 1804 1159 1857 XVIII.
1183 1801 1311 1853 febr.
1349 1801 1772 1853 Mucccxxxll
1796 1805 1992 1869 publice
2018 1809 2078 1856 de
2104 1808 2254 1857 endet
2278 1806 2383 1857 Lu-

257 1873 473 1923 dovicus
499 1872 698 1923 Preller
715 1873 1121 1937 Hamburgensis.
1171 1870 1573 1937 Opponentibus:
1608 1871 1666 1921 E.
1686 1870 1944 1937 Roellner‚
1978 1874 2097 1940 phil.
2126 1877 2201 1925 dr.
2222 1875 2384 1940 Span-

523 1941 760 2005 genberg,
779 1942 898 2006 phil.
921 1943 1055 1992 stud.
1107 1938 1397 2003 Gottingae,
1423 1938 1561 2005 typis
1587 1938 1988 1992 Dieterichianis.
2038 1942 2140 2005 8⁰.)

56 1995 62 2034 1

56 2041 67 2490 ἱ
244 2313 257 2320 ,
1103 2232 1552 2295 PRAEFA'rlo.

445 2329 654 2407 Persae
702 2348 995 2426 tragoedia
1038 2367 1171 2409 cum
1213 2345 1416 2409 ceteris
1468 2343 1731 2426 partibus
1771 2344 1933 2405 valde
1988 2345 2386 2406 memorabilis

271 2436 331 2490 et
359 2430 421 2490 in
452 2448 565 2509 qua
595 2431 1098 2510 diligentissimum
1133 2433 1389 2494 studium
1421 2450 1454 2491 a
1483 2429 1621 2491 viris
1646 2428 1833 2489 doctis
1858 2439 2132 2509 ponatur,
2164 2431 2389 2508 dignis-

272 2514 425 2575 sima
454 2515 600 2576 mihi
633 2516 876 2590 videtur,
906 2525 1032 2579 tum
1062 2525 1308 2598 propter
1336 2522 1764 2594 argumentum,
1797 2516 1955 2593 quod
1980 2515 2299 2595 Aeschylus
2329 2515 2390 2574 in

274 2619 348 2660 eo
376 2608 612 2662 secutus
647 2602 738 2674 sit,
770 2602 1133 2666 historicum.
1191 2600 1422 2663 Etenim
1456 2608 1515 2662 et
1553 2599 1724 2678 pauci
1763 2600 2007 2661 omnino
2039 2620 2107 2660 ex
2138 2600 2391 2678 antiquis

277 2702 517 2763 graecae
569 2705 820 2765 poeseos
873 2688 1206 2749 auctoribus
1238 2686 1568 2757 traduntur,
1623 2683 1722 2763 qui
1761 2684 2070 2746 historiam
2102 2684 2390 2764 poematis

60 2831 65 2852 Ι
275 2769 576 2848 tetigerint
595 2772 670 2851 1),
701 2778 757 2833 et
787 2791 855 2833 ex
883 2772 1054 2834 variis
1095 2772 1205 2834 illis
1247 2769 1487 2831 nonnisi
1537 2770 1653 2829 hoc
1700 2786 1887 2829 unum
1938 2775 2697 2834 monumentumsssatemm

62 2871 68 2944 [
280 2863 584 2932 superstes
616 2863 722 2917 est.
785 2857 962 2937 Cuius
993 2858 1082 2919 rei
1113 2876 1249 2918 cum
1280 2856 1433 2916 inter
1470 2872 1593 2927 eoS‚
1634 2853 1735 2933 qui
1774 2853 1834 2914 in
1873 2854 1983 2915 hac
2020 2853 2208 2916 fabula
2253 2872 2390 2934 per-
2421 2847 2666 2938 ssffirflfflj]

280 2939 559 3017 quirenda
587 2941 841 3013 fuerunt,
872 2942 1157 3004 rationem
1188 2961 1219 3003 a
1245 2957 1539 3021 quoquam
1571 2938 1809 3000 uberius
1841 2938 2094 3000 habitam
2122 2958 2250 2999 esse
2270 2956 2393 2999 non

282 3024 506 3085 videam
532 3027 617 3101 2):
650 3026 864 3105 placuit
900 3046 1010 3107 pro
1040 3027 1250 3088 virium
1282 3025 1679 3086 mediocritate
1721 3024 1780 3083 id
1818 3024 1926 3085 hac
1964 3025 2281 3104 scriptione
2320 3024 2398 3085 ita

427 3192 472 3256 1>
498 3192 808 3259 Phrynichus
835 3196 1058 3260 tragicus
1084 3201 1136 3245 et
1160 3193 1323 3245 Mileti
1356 3193 1606 3244 excidium
1641 3199 1696 3242 et
1729 3191 1994 3242 Persarum
2031 3192 2221 3241 cladem
2254 3192 2399 3242 Sala-

285 3260 484 3311 miniam
511 3264 782 3323 tragoediis
807 3271 923 3314 ante
965 3264 1126 3329 ipsum
1150 3262 1390 3313 Nostrum
1433 3260 1835 3321 concelebravit3
1879 3261 1939 3309 de
1989 3259 2280 3310 Phoenissis
2321 3257 2401 3309 fa-

283 3329 420 3390 bula,
456 3334 508 3377 et
532 3329 707 3393 quibus
753 3332 978 3396 partibus
1021 3347 1132 3381 eum
1175 3336 1378 3381 secutus
1406 3345 1521 3379 esse
1557 3329 1789 3379 videatur
1811 3327 1973 3378 Aesch
2014 3329 2107 3394 lus,
2142 3344 2191 3378 v.
2216 3328 2399 3377 Jacobs

285 3395 446 3447 Wiel.
479 3396 586 3446 Att.
615 3396 742 3449 Mus.
769 3397 853 3450 lv.
885 3400 928 3449 1.
966 3406 1020 3449 et
1051 3399 1217 3450 Herm.
1253 3400 1313 3448 de
1345 3397 1457 3447 Prs.
1491 3394 1591 3446 fab.
1627 3396 1747 3446 diss.
1786 3411 1955 3462 opusc.
1980 3344 2041 3446 ἷΙ.
2067 3412 2111 3462 p.
2142 3396 2204 3445 87
2232 3412 2305 3461 sq.
2331 3423 2400 3433 —

286 3464 472 3530 Epicus
506 3481 634 3515 unus
658 3466 921 3517 Choerilus
956 3467 1151 3517 Samius
1185 3472 1491 3516 memoratur
1526 3462 1728 3527 (frgmta
1752 3466 1831 3514 ed.
1855 3462 2067 3526 Naeke),
2102 3464 2184 3529 qui
2217 3479 2400 3513 secun·

287 3534 403 3582 dum
428 3532 626 3583 Suidam
649 3530 748 3597 τὴν
769 3530 1079 3600 Ἀθηναίων
1112 3537 1272 3599 νίκην
1304 3528 1444 3583 κατὰ
1483 3529 1560 3588 Ξέ
1593 3533 1689 3590 ξου
1723 3533 1940 3582 carmine
1976 3533 2117 3596 epico
2144 3532 2400 3593 tractavit,

290 3600 370 3662 cui
398 3616 572 3650 nomen
598 3609 710 3652 erat
732 3600 994 3669 Περσηΐς.
1041 3602 1115 3652 De
1141 3602 1383 3665 ejusdem,
1410 3616 1536 3667 quae
1582 3601 1870 3662 erebantur,
1898 3600 2139 3649 Samiacis
2164 3616 2214 3649 v.
2239 3598 2399 3649 Naek.

291 3684 339 3734 p.
368 3668 479 3717 101.
512 3697 579 3705 —
613 3670 987 3721 Alexandrinus
1020 3670 1105 3720 ille
1131 3670 1364 3732 Rhianu8‚
1401 3670 1483 3733 qui
1519 3662 1891 3732 Μεσσηνιακά
1927 3668 2145 3733 scripsit,
2179 3668 2259 3717 hic
2305 3681 2400 3715 non

292 3736 486 3801 attinet,
509 3736 593 3786 ubi
618 3754 712 3786 non
736 3740 796 3788 de
822 3739 1123 3788 carminibus
1152 3738 1332 3801 doctis,
1357 3738 1446 3787 sed
1471 3737 1532 3786 de
1552 3736 1639 3786 illo
1666 3742 1890 3802 tempore
1924 3737 2105 3799 agitur,
2139 3751 2234 3801 quo
2280 3749 2402 3783 vere

293 3804 502 3920 flii-areb}
526 3805 711 3870 poesis,
747 3813 801 3856 et
833 3814 1015 3872 sponte
1050 3806 1198 3872 quasi
1229 3812 1281 3856 et
1314 3820 1422 3855 cum
1456 3805 1563 3871 ipso
1589 3804 1771 3871 populo
1795 3803 2014 3868 vigebat.
2066 3805 2139 3853 De
2165 3801 2402 3867 Euripide

294 3887 320 3921 c
346 3908 358 3920 .
385 3888 432 3921 n.
494 3909 506 3921 .

429 3939 479 4004 2)
521 3940 594 3990 De
637 3940 810 3991 Persis
853 3943 1208 3993 disseruerunt
1254 3948 1459 4007 praeter
1501 3955 1605 4004 eos,
1654 3940 1736 4006 qui
1782 3939 2088 4006 Aeschylum
2130 3937 2408 4001 ediderunt,

295 4007 587 4125 glumnterug
617 4006 1022 4126 Scitgclcsalsidee
1054 4010 1142 4062 des
1174 4008 1463 4077 Aeschylus
1496 4023 1544 4074 p.
1571 4008 1653 4059 53.
1703 4008 1883 4058 Jacobs
1916 4008 1951 4058 l.
1977 4024 2019 4057 c.
2052 4005 2315 4058 Hermann.
2342 4032 2409 4042 —

337 4083 400 4126 et.
428 4092 456 4125 c
479 4115 490 4126 .
518 4091 547 4126 a
605 4093 655 4127 n.
752 4115 766 4128 .

347 4152 583 4207 Preller‚
611 4170 798 4214 ausgew.
830 4158 1049 4202 Aufsatze.
1985 4145 2006 4194 Ῑ
