2867 4717
1259 178 1376 232 des
1412 177 1792 232 romischen
1829 176 2156 246 Capitol&

648 349 727 384 am
750 334 1040 384 nordliehen
1065 334 1305 397 Abhange
1330 335 1420 383 des
1444 332 1669 399 Capitols
1693 333 1769 383 bis
1793 348 1859 383 zu
1881 334 1994 383 dem
2017 331 2197 383 Platze
2218 346 2318 381 von
2343 331 2470 381 Arae

650 404 699 452 in
723 403 817 452 der
842 401 1065 464 Gegend‚
1089 417 1170 451 wo
1195 402 1276 450 die
1300 399 1487 451 Rirehe
1511 402 1588 452 st.
1614 400 1876 452 Venanzio
1902 402 2064 464 steht,
2093 399 2314 450 ehemals
2339 399 2415 449 St.
2444 399 2470 450 (Ξ

653 470 875 519 Mereato
901 470 1026 519 oder
1047 470 1098 518 in
1124 468 1440 519 Mereatello.

1412 602 1653 656 Dritte
1702 601 1999 670 Beilage.

784 709 892 758 Den
926 723 1120 771 ganzen
1152 708 1416 758 Absebnitt
1448 709 1539 757 der
1571 707 1855 758 Mirabilien
1890 707 2016 756 iiber
2051 707 2139 757 das
2172 706 2373 772 Capitol
2416 709 2470 757 be

648 775 780 826 kann
804 777 968 826 niehts
992 773 1175 839 helsen,
1203 776 1264 825 da
1290 791 1348 825 er
1371 776 1478 825 voll
1502 791 1601 824 von
1626 775 1817 827 Unsinn
1845 775 1937 837 ist,
1961 791 2003 824 s.
2031 775 2229 825 Bunsen
2253 776 2301 824 in
2330 776 2421 824 der
2446 775 2470 823 Ε

646 843 795 893 Stadt
818 843 942 893 Rom
961 841 1043 908 111,
1062 842 1112 905 2,
1135 842 1231 892 127
1243 842 1294 894 ff.
1343 842 1455 893 Von
1480 844 1597 892 dort
1619 843 1896 907 gelegenen
1923 842 2163 908 Tempeln
2190 842 2346 893 heisst
2370 858 2450 891 es:

645 918 752 961 tate
776 912 912 961 areis
936 927 1090 976 super
1121 911 1368 976 porticum
1391 911 1644 959 crinorum
1679 907 1807 960 fuit
1830 910 2067 975 templum
2091 909 2225 960 Iovis
2261 918 2315 960 et
2339 909 2470 960 Mon«

645 980 904 1044 reperitur
928 979 976 1028 in
1001 978 1367 1044 martyrologio
1395 977 1562 1028 Ovidii
1587 979 1649 1027 de
1676 976 1906 1040 FaustiS,
1935 984 2061 1027 statt
2084 979 2306 1028 welcher
2330 978 2470 1028 Wor⁴

646 1048 767 1096 dere
787 1044 1110 1096 Handscbrift
1136 1051 1242 1095 hat:
1268 1046 1317 1095 in
1338 1061 1434 1111 quo
1462 1052 1574 1095 erat
1592 1061 1748 1095 aurea
1774 1052 1940 1094 statua
1958 1044 2095 1095 Iovis
2120 1046 2302 1096 sedens
2324 1047 2372 1094 in
2394 1060 2470 1095 auu

647 1113 787 1163 Danu
822 1110 973 1175 folgt:
1008 1112 1062 1163 In
1097 1120 1290 1179 partem
1321 1111 1422 1163 fori
1449 1112 1686 1179 templum
1710 1112 1901 1164 Vestae
1928 1119 1981 1161 et
2005 1111 2257 1162 Caesaris.
2305 1111 2377 1162 Ibi
2410 1111 2470 1161 fui

643 1180 933 1247 pontificum
957 1196 1289 1247 paganorum,
1315 1181 1400 1230 ubi
1426 1188 1692 1231 senatores
1718 1187 1996 1245 posuerunt
2018 1179 2192 1230 Iulium
2219 1180 2470 1246 Caesarea

644 1247 773 1298 infra
797 1264 1018 1298 mensem
1043 1248 1278 1299 Martium
1314 1249 1431 1312 (das
1455 1248 1517 1299 Τ.
1543 1248 1733 1299 Vestae
1765 1263 1842 1297 am
1869 1248 2062 1299 Palatin
2095 1249 2194 1297 und
2228 1249 2307 1298 die
2331 1248 2470 1298 Aede

644 1316 724 1367 Ex
759 1316 860 1365 alia
892 1323 1037 1382 parte
1071 1316 1306 1381 Capitolii
1340 1332 1494 1382 super
1526 1316 1831 1381 Canaparam
1868 1316 2104 1381 templum
2133 1314 2356 1365 Iunonis.
2425 1314 2470 1364 In

643 1384 894 1450 publicum
921 1385 1010 1444 (er
1030 1384 1186 1433 meint
1210 1385 1298 1433 das
1323 1382 1444 1433 For.
1472 1384 1726 1446 Boarium)
1755 1384 1992 1448 templum
2016 1384 2265 1433 Herculis.
2312 1382 2367 1433 In
2393 1382 2466 1433 Ta

644 1452 783 1518 plum
806 1452 1018 1517 asylum,
1046 1451 1129 1501 ubi
1154 1449 1455 1501 interfectus
1480 1449 1576 1501 fuit
1598 1449 1754 1501 Iulius
1780 1451 1968 1501 Caesar
1991 1466 2021 1500 a
2047 1458 2244 1502 senatu.
2290 1449 2346 1500 In
2371 1452 2470 1500 loe«

644 1526 723 1570 est
756 1525 820 1568 st.
848 1520 1009 1569 Maria
1033 1518 1268 1581 (niimlieh
1292 1518 1531 1581 Araceli),
1556 1516 1700 1569 fuere
1727 1520 1824 1568 dno
1849 1519 2036 1584 templa
2061 1520 2208 1568 simul
2234 1519 2403 1568 iuncta
2424 1535 2470 1568 et

643 1585 832 1636 Phoebi
858 1594 911 1637 et
927 1587 1225 1646 Carmentis,
1249 1587 1333 1636 ubi
1355 1586 1664 1636 Octavianus
1684 1588 1960 1651 imperator
1976 1587 2100 1636 visit
2117 1587 2357 1636 visionem
2377 1587 2424 1635 in
2448 1602 2470 1634 c

642 1651 734 1703 auf
752 1655 801 1704 in
827 1655 1023 1717 einigen
1051 1654 1175 1704 Mss.
1200 1654 1279 1703 die
1303 1653 1539 1717 Legende
1565 1670 1662 1703 von
1689 1654 1892 1703 Araceli
1916 1651 2060 1717 folgt.
2107 1652 2255 1704 quta
2280 1653 2470 1703 camelli

642 1721 779 1789 plum
803 1721 919 1786 Iani,
947 1723 1031 1789 qui
1056 1729 1169 1771 erat
1192 1728 1366 1771 eustos
1392 1720 1630 1787 Capitolii
1654 1737 1705 1771 u.
1733 1736 1774 1771 s.
1801 1736 1867 1770 w.

1419 1856 1656 1909 Vierte
1692 1855 1989 1922 Beilage.

778 1959 862 2010 leh
897 1962 1020 2011 habe
1052 1962 1226 2012 diesen
1249 1962 1546 2028 Anonymus
1579 1963 1627 2011 in
1661 1962 1791 2011 zwei
1824 1959 2212 2012 Handsehriften
2247 1961 2470 2024 gelesen2

643 2028 765 2079 Cod.
790 2027 1043 2090 Venetae,
1068 2029 1292 2096 Append.
1318 2031 1468 2081 catal.
1493 2044 1615 2080 mss.
1642 2029 1807 2080 Latin.
1834 2030 1897 2079 el.
1925 2029 1993 2090 X,
2019 2030 2128 2079 eod.
2154 2028 2440 2091 ccxxxi,
2466 2056 2470 2070 ψ

642 2111 777 2147 uec.
803 2096 919 2153 XV,
943 2099 1044 2147 und
1068 2114 1132 2147 zu
1156 2097 1378 2148 Florenz
1403 2098 1452 2146 in
1479 2098 1643 2148 einem
1666 2097 1786 2147 Cod.
1813 2096 2302 2159 Magliabeeehianus
2328 2096 2388 2146 el.
2415 2096 2469 2146 X

638 2163 862 2225 membr„
890 2180 1024 2215 saec.
1050 2164 1167 2215 XV.
1233 2164 1340 2215 Aus
1384 2166 1526 2214 einer
1568 2165 1967 2228 gelegentliehen
2003 2164 2156 2215 Notiz
2195 2164 2324 2213 iiber
2358 2165 2454 2212 den

642 2232 771 2282 hann
790 2230 979 2282 xxm.
1002 2229 1120 2281 darf
1131 2247 1242 2281 man
1262 2232 1551 2294 sehliefsen,
1576 2231 1686 2281 dass
1711 2233 1804 2281 der
1822 2228 1904 2281 vf.
1925 2232 2065 2280 seine
2085 2231 2459 2294 Bemerkungen

644 2300 1036 2349 niedersehrieb.
1103 2298 1181 2348 Ζιι
1217 2299 1420 2349 Grande
1455 2301 1619 2362 iiegen
1655 2300 1734 2348 die
1768 2298 2022 2363 Regionen
2057 2300 2158 2348 und
2189 2300 2269 2349 die
2305 2299 2465 2348 Mirab

639 2367 888 2417 Latinitit
912 2368 979 2416 ist
1001 2367 1317 2417 absebeulieh
1351 2369 1452 2417 und
1475 2369 1566 2417 das
1591 2366 1773 2417 Meiste
1807 2368 1926 2417 sehr
1947 2367 2151 2428 albem,
2184 2367 2310 2417 doeh
2343 2364 2468 2416 liinft

640 2436 753 2484 eine
785 2442 905 2497 gnte
929 2434 1202 2485 Nachrieht
1233 2435 1361 2485 iiber
1383 2436 1464 2485 die
1500 2435 1853 2498 gleichzeitige
1879 2435 2281 2484 Besehaffenheit
2305 2435 2395 2484 der
2419 2434 2462 2483 R

640 2517 732 2552 aus
767 2503 859 2551 der
892 2503 1171 2564 damaligen
1197 2502 1458 2552 Tradition
1495 2503 1587 2552 mit
1617 2510 1794 2562 anter,
1828 2503 1928 2551 und
1962 2502 2094 2552 kann
2121 2503 2292 2551 dieser
2325 2502 2466 2550 bishe

641 2570 904 2619 beaehtete
929 2571 1221 2636 Anonymus
1256 2571 1385 2619 dazu
1420 2571 1624 2634 dienen,
1659 2570 1738 2619 die
1762 2568 1934 2619 Liieke
1969 2571 2019 2619 in
2045 2571 2137 2619 der
2162 2568 2462 2620 Gesebiebte

641 2639 792 2686 seben
818 2636 1169 2703 Topographie
1203 2638 1458 2687 zwisehen
1493 2639 1589 2687 den
1615 2637 1897 2687 Mirabilien
1931 2639 2032 2687 und
2066 2638 2160 2686 den
2198 2635 2461 2700 Anfiingen

640 2706 793 2754 seben
813 2704 1107 2768 Forsehung
1124 2706 1281 2754 durch
1301 2705 1490 2768 Poggio
1510 2706 1611 2755 und
1630 2704 1837 2755 Flavius
1858 2705 2077 2754 Blondus
2095 2703 2432 2755 auszuftillen.

639 2787 696 2821 es
720 2789 770 2822 ιι.
799 2787 879 2824 a.:
915 2771 971 2823 In
1007 2774 1290 2823 summitate
1314 2775 1449 2822 areis
1473 2788 1503 2822 a
1527 2774 1688 2822 latere
1722 2774 1947 2838 porticus
1973 2773 2227 2823 crinorum
2250 2771 2346 2822 fuit
2369 2779 2460 2822 ten

639 2839 812 2905 optimi
836 2841 1035 2889 maximi
1059 2842 1095 2889 i.
1121 2856 1167 2890 e.
1193 2855 1344 2906 supra
1368 2847 1558 2890 cortem
1584 2842 1811 2890 dominae
1833 2838 2068 2890 Mitt-inae
2096 2841 2224 2903 (eod.
2246 2840 2458 2904 Magliab

638 2908 770 2972 quod
796 2908 955 2956 adhue
980 2908 1104 2957 satis
1132 2909 1192 2958 de
1218 2924 1280 2957 eo
1305 2915 1538 2973 apparet,
1564 2915 1617 2958 et
1639 2908 1879 2958 introitus
1906 2915 2121 2957 vocatur
2145 2908 2385 2958 Salvator
2406 2909 2456 2956 in

640 2976 717 3037 (so
744 2974 897 3024 beisst
919 2975 1058 3025 diese
1083 2975 1268 3027 Rirehe
1293 2976 1403 3024 hier
1427 2976 1707 3038 meistens).
1757 2974 2071 3026 Weiterhin:
2107 2973 2161 3024 In
2187 2975 2285 3025 alia
2320 2982 2454 3040 part<

638 3056 726 3091 sus
762 3041 1066 3107 Canaparam
1096 3040 1194 3092 fuit
1224 3043 1462 3107 templum
1495 3041 1631 3092 lovis
1664 3050 1719 3092 et
1749 3044 1975 3108 porticus
2008 3041 2159 3092 Iovis.
2233 3043 2372 3092 Dann
2410 3058 2452 3092 w

638 3125 770 3159 nune
794 3111 979 3159 dieitur
1002 3118 1067 3160 st.
1095 3110 1255 3161 Maria
1283 3111 1344 3159 de
1371 3112 1598 3175 portien,
1626 3110 1693 3159 ibi
1719 3125 1869 3175 supra
1894 3111 1957 3159 ad
1981 3111 2246 3159 ecelesiam
2272 3111 2449 3161 Salvat

635 3176 785 3226 ximis
809 3175 904 3228 fuit
926 3178 1163 3228 introitus
1186 3179 1412 3244 porticus
1435 3177 1599 3242 lovis,
1635 3177 1717 3228 ubi
1742 3185 1799 3227 ut
1823 3177 2008 3227 dieitur
2030 3174 2129 3227 fuit
2153 3179 2388 3243 pergula,
2424 3193 2450 3244 q

638 3245 786 3294 eebat
818 3261 944 3295 uvas
975 3260 1158 3296 aureas
1192 3254 1245 3296 et
1278 3247 1375 3296 tria
1410 3247 1622 3296 mirifica
1658 3252 1969 3307 ornamenta,
2007 3261 2131 3310 quae
2166 3246 2253 3295 vix
2290 3247 2448 3296 scribe

636 3311 747 3363 Und
772 3314 899 3361 noeh
925 3313 1132 3377 einmal,
1168 3316 1218 3363 in
1244 3314 1534 3364 demselben
1559 3314 2044 3377 Zusammenhange,
2076 3330 2155 3363 wo
2181 3314 2259 3363 die
2286 3314 2447 3364 Mirab

637 3377 684 3429 3.
708 3380 850 3442 Beil.‚
877 3380 941 3428 A.
959 3379 1008 3441 6)
1029 3380 1118 3430 das
1140 3379 1399 3446 Templum
1421 3379 1556 3431 lovis
1580 3383 1662 3431 bei
1687 3382 1762 3431 St.
1781 3381 1959 3432 Nicolo
1980 3397 2203 3431 nennen:
2229 3382 2302 3431 Ad
2325 3382 2444 3431 Salv

634 3447 937 3497 ximinorum
962 3447 1012 3496 in
1038 3448 1220 3510 eulina,
1245 3455 1301 3497 ut
1326 3450 1558 3514 superius
1577 3449 1763 3498 dietum
1787 3456 1884 3510 est,
1908 3447 2006 3499 fuit
2024 3450 2247 3514 porticus
2267 3447 2441 3512 lovis„

635 3516 671 3564 i.
698 3530 745 3564 e.
770 3515 917 3578 vitis,
953 3530 1079 3580 quae
1114 3515 1421 3580 producebat
1445 3531 1571 3565 uvas
1596 3531 1794 3566 aureaS.
1844 3515 1917 3565 Ibi
1942 3524 2078 3579 erat,
2114 3523 2171 3565 ut
2194 3515 2402 3577 dieitur,
2436 3517 2442 3560 ,Α

634 3580 771 3632 Iovis
791 3583 963 3648 optimi
980 3583 1197 3644 maximi,
1225 3590 1278 3632 et
1294 3583 1592 3633 vocabulum
1619 3591 1700 3633 est
1719 3592 2006 3649 corruptum
2026 3585 2154 3649 quod
2182 3583 2325 3632 hodie
2346 3583 2441 3632 diei

636 3658 815 3700 vatore
850 3653 896 3700 in
931 3652 1237 3712 maximinis,
1275 3657 1328 3700 et
1360 3651 1508 3700 valde
1545 3658 1899 3716 repraesentat
1931 3653 2148 3714 vestigia
2183 3665 2291 3699 sua.
2358 3649 2438 3701 Ue]

636 3726 751 3782 sagt
773 3719 1006 3769 derselbe
1033 3716 1428 3769 Schriftsteller:
1456 3718 1702 3768 Palatium
1726 3718 1987 3768 Octaviani
2014 3716 2112 3768 fuit
2129 3717 2214 3767 ubi
2239 3734 2370 3767 nune
2394 3732 2436 3778 ei

635 3785 839 3836 Araceli
864 3794 916 3836 et
939 3794 1150 3838 vocatus
1175 3794 1256 3836 est
1278 3786 1421 3837 loeus
1446 3785 1689 3837 Ferferus
1715 3787 1853 3847 (eod.
1880 3785 2065 3836 Venet.
2091 3785 2397 3850 Ferrerus),
2428 3809 2434 3852 η

2420 4263 2423 4330 ἐ
