2867 4717
995 441 1244 497 Lesbio
1279 442 1645 497 historico.
2306 442 2376 497 5⁷

247 597 508 677 spondet
535 598 734 675 regnis
762 599 976 678 Lyncei
1016 607 1075 660 et
1101 599 1283 660 Danai
1319 599 1474 679 apud
1505 598 1781 677 Argivos,
1822 598 2143 659 Pandionis
2167 599 2193 660 1
2223 600 2378 679 apud

247 681 662 743 Athenienses.

424 765 490 840 3)
538 766 878 845 Alcyone,
909 767 1025 828 filia
1065 766 1325 828 Stheneli
1356 774 1415 827 et
1445 732 1754 847 Eurysthei
1785 784 1977 838 soror,
2004 767 2076 829 cf.
2109 767 2375 846 Apollod.

244 850 319 923 11,
350 851 410 922 4,
441 851 499 922 4,
542 850 641 910 ubi
674 869 820 930 quae
848 853 1189 913 nominatur
1217 843 1525 949 Ἀλκινόη
1568 852 1809 912 eandem
1856 869 1989 911 esse
2016 852 2157 912 vidit
2193 852 2376 931 Heyn.

246 935 318 994 ad
343 934 455 1013 Ap.
481 934 575 1008 111,
607 936 704 1008 10,
735 939 787 996 1.
838 937 922 998 De
946 938 1118 997 huius
1143 936 1473 998 sacerdotio
1505 937 1735 1014 insigne
1763 943 1950 997 exstat
1971 936 2379 997 testimonium

245 1018 530 1079 Hellanici
535 982 726 1118 apud
774 1019 1009 1101 Dionys.
1053 1020 1122 1081 H.
1156 1022 1220 1082 A.
1253 1020 1321 1080 R.
1364 1020 1416 1092 l,
1471 1020 1553 1081 22
1594 1017 1674 1081 τό
1717 1015 1837 1124 μὲν
1880 1007 1994 1081 οὖν
2035 1016 2381 1082 Σικελικὸν

248 1097 436 1183 γένος
490 1095 698 1176 οὕτως
749 1098 1053 1180 ἐξέλιπεν
1101 1097 1402 1178 Ἰταλίαν,
1459 1096 1549 1178 ὥς
1599 1101 1718 1184 μὲν
1760 1098 1927 1165 Ἓλλ.
1975 1097 2013 1165 ὅ
2066 1099 2380 1206 Λέσβιός

247 1205 441 1288 φησι,
485 1179 674 1271 τρίτῃ
701 1187 907 1292 γενεᾷ
951 1183 1273 1292 πρότερον
1312 1186 1444 1248 τῶν
1496 1186 1837 1292 Τρωικῶν,
1881 1182 2234 1291 Ἀλκυόνης
2283 1180 2379 1250 ἱε-

248 1266 549 1355 ρωμένης
591 1250 660 1333 ἐν
701 1265 930 1356 ’Ἀργει
959 1270 1130 1335 κατὰ
1172 1269 1252 1334 τὸ
1284 1267 1475 1334 ἕκτον
1502 1268 1619 1334 καὶ
1665 1265 1966 1335 εἰκοστὸν
2010 1265 2175 1349 ἔτος,
2221 1274 2379 1335 unde

249 1356 431 1416 simul
452 1364 614 1434 patet
629 1357 1028 1419 Hellanicum
1013 1377 1073 1418 in
1098 1377 1277 1437 opere
1299 1377 1409 1419 suo
1435 1358 1795 1455 singularum
1824 1358 2193 1418 sacerdotum
2226 1365 2379 1418 tem-

256 1459 405 1519 pora
438 1459 572 1501 cum
604 1460 735 1503 aera
769 1442 1022 1504 Troiana
1052 1443 1444 1517 commisisse,
1474 1445 1705 1505 minora
1733 1450 1927 1504 autem
1960 1442 2251 1503 intervalla
2284 1461 2378 1503 se-

249 1526 515 1585 cundum
545 1545 751 1603 genera
781 1528 1184 1606 descripsisse.

426 1611 493 1686 4)
539 1610 849 1672 Admeta.
912 1611 993 1671 De
1033 1613 1141 1672 hac
1178 1619 1364 1673 exstat
1399 1612 1626 1672 notatio
1660 1611 1936 1690 syncelli,
1976 1629 2123 1689 quae
2165 1629 2235 1671 ex
2266 1610 2377 1672 Ca-

249 1693 436 1754 storis
470 1693 777 1757 Chronicis
809 1697 1049 1757 fluxisse
1078 1697 1332 1767 videtur,
1363 1697 1521 1756 unde
1550 1696 1840 1756 Eusebius
1871 1703 2045 1774 atque
2077 1695 2378 1775 Syncellus

250 1795 430 1856 regna
468 1779 845 1857 Argivorum,
885 1780 1331 1860 Mycenaeorum
1377 1788 1435 1841 et
1466 1781 1874 1884 Sicyoniorum
1918 1780 2377 1882 descripserunt.

252 1862 558 1940 Leguntur
587 1864 911 1945 ibihaecp.
941 1865 1061 1926 172
1085 1867 1176 1926 ed.
1202 1866 1422 1926 Paris„
1455 1857 1749 1948 Λὸμήτη
1776 1864 1939 1942 (libb.
1965 1855 2375 1982 Ἀδάμαντα)

254 1958 577 2068 θυγάτηρ
603 1957 1002 2069 Ευρυσθὲως
1045 1960 1114 2028 ἐν
1146 1958 1393 2069 ἶΆργει
1449 1957 1815 2042 ιεράτευσεν
1866 1957 1975 2047 ε’τη
2024 1962 2130 2068 λη.
2188 1985 2259 2026 αι
2304 1961 2380 2028 δὲ

256 2039 402 2109 ἀπὸ
452 2043 695 2134 ταύτης
748 2071 868 2134 την
922 2043 1276 2134 ιερωσύνην
1332 2044 1804 2128 διαδεξάμεναι
1860 2042 2154 2124 Φαλίδες
2218 2043 2377 2111 ἑκα-

255 2129 506 2194 λοῦντο.
572 2136 787 2195 Eadem
821 2138 1162 2196 nominatur
1198 2155 1290 2215 ap.
1330 2134 1598 2214 Apollod.
1628 2135 1708 2206 ΙΙ,
1742 2136 1810 2208 5,
1851 2134 1890 2195 9
1936 2142 1995 2196 et
2036 2155 2105 2196 ex
2144 2136 2259 2196 hoc
2280 2156 2374 2233 ap.

259 2218 457 2281 Tzetz.
488 2221 559 2280 ad
593 2220 880 2300 Lycophr.
910 2239 962 2281 v.
994 2220 1201 2281 1327
1187 2239 1246 2280 in
1279 2220 1520 2281 historia
1555 2219 1846 2291 Herculis,
1889 2221 2053 2281 cuius
2099 2239 2276 2299 opera
2314 2223 2375 2282 in
2402 2244 2455 2286 42

257 2302 433 2363 huius
466 2306 792 2365 sacerdotio
834 2313 1160 2384 perpetrata
1200 2325 1331 2366 esse
1370 2304 1686 2384 ponebant.
1760 2306 1890 2378 Quo
1932 2305 2186 2384 pertinet
2224 2324 2376 2384 opus

257 2389 554 2465 sculptum
586 2390 771 2450 Musei
800 2391 1027 2465 Albani,
1072 2390 1291 2451 editum
1337 2399 1510 2469 atque
1551 2390 1899 2450 illustratum
1940 2409 1971 2449 a
2011 2390 2200 2468 Zoega
2230 2391 2374 2452 Bas-

260 2473 403 2532 siril.
433 2481 476 2534 t.
507 2472 662 2534 LXX
684 2481 742 2535 et
763 2475 980 2535 Millino
1013 2475 1154 2535 Gall.
1185 2474 1364 2554 myth.
1396 2486 1439 2536 t.
1470 2473 1715 2545 cxxiv,
1750 2474 1894 2545 aliis,
1925 2493 2208 2554 perquam
2240 2475 2377 2536 illud

258 2558 668 2630 memorabile,
708 2559 811 2618 sed
852 2559 923 2618 de
963 2560 1126 2620 cuius
1170 2559 1595 2637 significatione
1633 2559 1798 2619 valde
1845 2559 2189 2620 dissentitur
2226 2560 2380 2620 inter

258 2643 419 2702 viros
444 2644 654 2702 doctos
675 2644 697 2683 ⁷
717 2645 794 2722 2).
845 2646 1185 2723 Proponam
1211 2644 1368 2722 quod
1397 2644 1536 2703 mihi
1562 2643 2044 2704 verisimillimum
2070 2650 2178 2703 est.
2223 2644 2377 2705 Ana-

256 2727 536 2805 glyphum
567 2728 905 2806 bipartitum
938 2736 1054 2799 est,
1102 2736 1165 2788 ut
1194 2729 1299 2789 alia
1331 2730 1389 2788 in
1431 2728 1738 2806 superiore
1777 2737 1940 2805 parte
1982 2727 2382 2804 conspiciatur

257 2813 735 2889 repraesentatio,
777 2813 882 2872 alia
924 2812 983 2873 in
1025 2813 1316 2873 inferiore.
1385 2812 1543 2872 Haec
1582 2819 1874 2871 monstrat
1909 2811 2081 2871 talem
2126 2830 2381 2883 scenam,

259 2897 457 2974 quales
489 2897 549 2957 in
579 2896 650 2956 iis
686 2897 980 2975 operibus,
1020 2897 1235 2976 quibus
1261 2896 1500 2957 victoria
1541 2896 1801 2974 gymnica
1840 2896 1928 2954 vel
1968 2895 2189 2956 musica
2229 2897 2377 2957 cele-

258 2980 480 3052 bratur,
512 2981 760 3059 exprimi
794 2982 999 3042 solent.
1062 2981 1310 3041 Victoria
1343 2980 1631 3041 sacerdoti
1661 2999 1868 3059 aquam
1902 2980 1960 3041 in
1991 2988 2253 3059 pateram
2286 2982 2379 3041 in-

257 3065 470 3137 fundit,
512 3066 777 3126 adstante
806 3066 985 3126 heroe
1015 3066 1219 3126 habitu
1257 3066 1559 3145 gymnico,
1606 3075 1867 3143 pateram
1909 3083 2088 3124 manu
2127 3073 2378 3138 tenente,

261 3169 433 3229 quam
482 3152 553 3211 ad
602 3151 914 3211 Victoriam
959 3151 1244 3210 admovet.
1328 3149 1611 3228 Apposita
1659 3158 1750 3210 est
1791 3168 1887 3208 ara
1940 3156 2115 3226 atque
2164 3150 2376 3227 tripuS,

261 3236 424 3295 cuius
477 3235 922 3295 fundamentum
974 3234 1285 3294 litteratum
1348 3245 1469 3306 est,
1522 3233 1676 3294 unde
1720 3233 2060 3309 intelligitur
2094 3236 2376 3312 templum

260 3319 543 3397 Apollinis
576 3319 990 3397 Daphne-phori
1023 3318 1282 3378 Thebani
1322 3320 1764 3397 repraesentari.
1838 3317 2028 3377 Heros
2069 3317 2162 3377 ille
2192 3319 2380 3378 mani-

257 3404 411 3464 festo
444 3404 724 3464 Hercules
757 3413 866 3473 est,
906 3411 1046 3480 post
1074 3403 1371 3463 victoriam
1405 3403 1656 3481 Apollini
1691 3403 1790 3472 illi,
1831 3404 1996 3463 cuius
2026 3403 2250 3464 iuvenis
2284 3423 2378 3464 sa-

260 3490 472 3548 cerdos
502 3488 712 3563 fuerat,
741 3482 1136 3569 χαριστήρια
1165 3488 1379 3557 libans;
1412 3489 1588 3547 credo
1615 3495 1752 3565 post
1782 3487 2030 3566 primam
2055 3489 2378 3560 victoriam,

257 3582 323 3634 ut
364 3575 480 3633 hoc
520 3591 697 3651 opere
744 3573 932 3649 prima
964 3574 1088 3631 eius
1128 3573 1397 3632 curriculi
1450 3572 1738 3648 ingressio
1785 3572 2174 3649 significetur,
2219 3573 2378 3650 quod

258 3666 573 3737 postquam
609 3657 857 3735 impigre
889 3674 1232 3735 permensus
1263 3665 1401 3729 erat,
1432 3665 1872 3717 consummatae
1899 3657 2183 3717 felicitatis
2209 3676 2379 3735 prae-

397 3856 482 3914 72)
521 3856 585 3907 V.
612 3857 858 3908 Platner
847 3876 892 3908 in
920 3859 1242 3908 enarratione
1267 3859 1430 3908 Musei
1465 3860 1617 3908 villae
1639 3859 1840 3921 Albani,
1885 3859 2256 3920 Beschreibung
2290 3859 2380 3908 der

257 3922 406 3973 stadt
427 3924 550 3972 Rom
579 3933 675 3975 ele.
714 3925 826 3975 Vni.
852 3926 929 3985 ΙΙΙ,
953 3928 998 3983 2,
1025 3943 1069 3990 p.
1099 3927 1247 3975 5188
1226 3944 1330 3992 sqq.
1370 3924 1445 3976 Cf.
1471 3927 1530 3976 Ο.
1557 3927 1680 3975 Jahn
1713 3928 1873 3977 Vasen
1881 3928 2012 3975 hilde
2018 3943 2055 3991 r,
2083 3927 2204 3985 Hbg.
2233 3925 2379 3988 1839,

253 4005 304 4056 p.
336 3991 432 4052 30,
470 3994 570 4054 [die
608 3993 848 4042 Geninlde
882 3996 943 4042 de
916 4012 970 4042 es
1001 3995 1048 4042 Ρ
1054 3996 1173 4059 ilygi
1211 4003 1306 4043 »tos
1341 3996 1388 4044 iu
1413 3996 1505 4044 der
1536 3995 1730 4045 Lesche
1763 4012 1825 4044 zu
1853 3996 2026 4058 Delphi
2060 4011 2105 4059 p.
2139 3995 2201 4043 72
2227 4010 2301 4059 sq.
2329 4003 2380 4045 et

254 4061 701 4123 arebaeologische
726 4061 945 4124 Zeitung
974 4061 1120 4125 1844,
1146 4079 1192 4127 p.
1195 4013 1311 4110 ⁰301
1321 4063 1352 4124 .]
