2867 4717
423 1376 473 1415 25

409 3143 459 3184 26

517 444 622 495 110
1284 442 1376 494 De
1423 432 1859 507 Praxiphane

516 599 588 658 de
616 597 895 677 operibus
925 604 984 657 et
1010 596 1246 658 diebus:
1279 586 1385 656 ὅτι
1429 589 1508 655 δὲ
1547 589 1625 655 τὸ
1664 587 2020 676 προοίμιόν
2045 614 2220 670 τινες
2251 590 2640 680 διέγραψαν,

516 674 738 761 ὥσπερ
795 672 987 742 ἄλλοι
1039 700 1112 741 τε
1165 676 1280 741 καὶ
1337 670 1765 761 Ἀρίσταρχος
1823 669 2138 757 ὅβελίζων
2180 677 2335 754 τοὺς
2377 673 2643 759 στίχους

513 761 628 825 καὶ
670 759 1105 848 Πραξιφάνης
1149 756 1186 826 ὃ
1227 760 1342 824 τοῦ
1387 761 1573 865 Θεοφ
1615 758 1813 824 άστου
1856 759 2183 847 μαθητής,
2228 760 2399 848 μηδὲ
2438 763 2641 829 τοῦτο

515 842 862 928 ἀγνοῶμεν.
933 833 1127 921 οὗτος
1167 844 1394 926 μέντοι
1437 867 1554 909 και
1617 847 1860 923 ντυχεῖν
1888 843 2091 930 φησιν
2119 840 2639 933 άπροοιμιάστῳ

510 930 605 1015 τῷ
647 927 891 1014 βιβλίῳ
938 929 1055 993 καὶ
1098 923 1432 1036 ἀρχομένῳ
1461 927 1663 1015 χωρὶς
1688 933 1809 1034 τῆς
1836 926 2248 1015 ἐπικλήσεως
2272 937 2406 995 τῶν
2433 936 2641 996 Μου-

513 1014 644 1079 σῶν
700 1011 1028 1092 ἐντεῦθεν,
1080 1015 1219 1078 Ουκ
1263 1008 1393 1097 ἄρα
1434 1013 1672 1094 μοῦνον
1715 1009 1824 1100 ἔην
1867 1008 2103 1097 ἐρίδων
2145 1016 2342 1098 γένος.
2428 1021 2641 1081 Deerat

512 1100 883 1180 prooemium
932 1101 1071 1161 illud
1123 1119 1370 1179 operum
1423 1108 1481 1160 et
1528 1100 1752 1162 dierum
1799 1102 1974 1161 etiam
2021 1102 2082 1161 in
2134 1104 2399 1182 exemplo
2442 1123 2635 1179 sacro,

510 1187 667 1265 quod
707 1186 1112 1246 asservabatur
1149 1188 1211 1245 in
1252 1184 1495 1247 delubro
1526 1186 1825 1246 Musarum
1856 1187 1917 1245 in
1949 1195 2151 1248 monte
2180 1187 2488 1261 Helicone,
2528 1209 2637 1249 au·

511 1278 671 1331 ctore
700 1270 986 1331 Pausania
1014 1270 1120 1340 IX,
1156 1269 1256 1341 31,
1292 1272 1331 1330 4
1361 1266 1683 1330 Βοιωτῶν
1729 1264 1803 1331 δὲ
1848 1260 1911 1330 οἶ
1955 1265 2114 1353 περὶ
2163 1268 2279 1333 τδν
2314 1264 2637 1333 Ἑλικῶνα

514 1348 839 1426 οἰκοῦντες
882 1348 1378 1436 παρειλημμένῃ
1426 1346 1587 1438 δόξῃ
1630 1348 1932 1434 λέγουσιν
1986 1348 2077 1429 ῶς
2120 1347 2281 1417 ἄλλο
2316 1349 2635 1431 “Ησίοδος

510 1434 803 1522 ποιήσαι
847 1430 1034 1499 οὐδὲν
1063 1428 1111 1520 ἢ
1149 1434 1235 1498 τὰ
1277 1430 1434 1520 ἔργα
1478 1434 1594 1498 καὶ
1636 1432 1887 1499 τούτων
1931 1433 2005 1500 δὲ
2047 1435 2126 1500 τδ
2171 1433 2240 1514 ἐς
2280 1436 2400 1542 τὰς
2428 1436 2633 1502 Μού-

510 1541 631 1597 σας
686 1514 1058 1605 ἀφαιροῦσι
1110 1517 1493 1604 προοίμιον,
1550 1513 1752 1623 ἀρχὴν
1792 1519 1910 1605 τῆς
1951 1517 2291 1606 ποιήσεως
2335 1544 2507 1586 ειναι
2548 1521 2629 1587 τὸ

505 1599 575 1680 ἐς
631 1605 752 1680 τὰς
796 1599 1075 1689 ’Ἐριδας
1138 1601 1463 1686 λέγοντες,
1517 1626 1634 1666 και
1694 1628 1815 1685 μοι
1873 1601 2202 1688 μόλιβδον
2252 1601 2631 1670 ἐδείκνυσαν

507 1683 674 1752 ἔνθα
727 1682 769 1773 ἦ
825 1685 1031 1775 πηγή,
1087 1686 1172 1750 τὰ
1225 1686 1446 1752 πολλὰ
1498 1684 1634 1751 ὑπὸ
1687 1693 1809 1752 τοῦ
1851 1686 2082 1771 χρόνου
2126 1687 2627 1771 λελυμασμένον,

506 1769 948 1856 ἐγγέγραπται
986 1770 1066 1835 ’δὲ
1111 1766 1291 1856 αὐτῷ
1332 1771 1414 1836 τοὶ
1447 1767 1621 1858 ἔργα.
1678 1776 1821 1836 Inde
1858 1777 2029 1838 etiam
2062 1777 2457 1856 Praxiphanes
2488 1797 2627 1839 sen-

505 1862 748 1920 tentiam
778 1879 946 1921 suam
979 1858 1316 1920 stabiliverit
1330 1862 1356 1900 3
1372 1862 1450 1935 3).

674 1945 793 2005 vll.
846 1944 1040 2005 Schol.
1067 1943 1256 2023 Soph.
1278 1944 1420 2004 Oed.
1449 1944 1570 2005 Col.
1594 1964 1645 2004 v.
1672 1944 1796 2006 900
1821 1940 2134 2007 σπεύδειν
2165 1938 2306 2007 ἀπὸ
2334 1942 2624 2030 ῥυτῆρος,

506 2019 652 2089 ἀντὶ
705 2031 826 2089 τοῦ
875 2023 1177 2111 βλαύτης.
1234 2031 1365 2089 τῶν
1421 2023 1499 2089 δὲ
1552 2023 2043 2113 ἐξηγησαμένων
2098 2021 2413 2092 ἁπάντων
2465 2023 2624 2092 αὐτὸ

502 2108 936 2195 Πραξιφάνης
998 2110 1182 2173 δοκεῖ
1223 2104 1488 2191 ἄμεινον
1545 2107 1952 2174 ἀποδιδόναι
2009 2105 2262 2175 άκούων
2314 2111 2392 2176 τὸ
2446 2106 2625 2175 ὖπό-

503 2193 700 2298 δῆμα,
748 2184 889 2258 οἷον
929 2193 1060 2256 τῶν
1102 2193 1331 2258 ποδῶν
1370 2194 1450 2258 τδ
1495 2192 1819 2276 κάλυμμα.
1864 2198 1930 2258 In
1959 2199 2065 2258 Ms.
2089 2199 2478 2260 Laurentiano
2511 2218 2621 2277 pro

505 2276 697 2350 αυτό,
740 2281 895 2360 quod
946 2300 1015 2340 ex
1065 2280 1319 2342 editione
1355 2283 1625 2343 Romana
1670 2281 1909 2343 retinuit
1949 2283 2248 2355 Gaisford,
2291 2291 2526 2345 auctore
2555 2284 2619 2344 P.

500 2365 773 2426 Elmsleio
807 2373 897 2426 est
926 2357 1140 2440 αὐτόν,
1172 2366 1328 2425 unde
1355 2367 1658 2444 profectus
1684 2367 2009 2427 Schoellius
2033 2368 2241 2429 Gesch.
2268 2369 2373 2428 der
2394 2362 2621 2429 Griech.

499 2448 756 2523 Litter.l‚
782 2469 839 2528 p.
854 2451 971 2509 241
1009 2449 1249 2527 scripsit
1274 2449 1443 2511 haec:
1470 2452 1769 2530 DidymuS,
1791 2450 2171 2530 Horapollon,
2196 2452 2620 2531 Aristophanes

501 2551 615 2593 von
639 2535 880 2613 Byzanz,
902 2535 1231 2594 Androtion
1261 2536 1382 2595 und
1414 2536 1510 2595 ein
1541 2536 1816 2612 gewisser
1838 2536 2231 2615 Praxiphanes
2263 2537 2453 2598 haben
2479 2537 2622 2599 uber

499 2618 822 2696 Sophocles
863 2619 1274 2679 Commentare
1325 2619 1721 2697 geschrieben.
1794 2621 1916 2698 Ego
1968 2628 2215 2699 propter
2263 2621 2619 2700 positionem

500 2703 914 2764 vocabulorum
967 2704 1337 2781 praetulerim
1389 2695 1574 2776 αὐτό,
1621 2722 1756 2763 nam
1811 2695 2009 2765 αὐτὸν
2055 2706 2428 2784 requisiveris
2480 2714 2620 2784 post

486 2780 1014 2883 ’ἐξηγησαμένων,
1080 2794 1238 2866 patet
1295 2796 1490 2849 autem
1545 2781 1727 2860 αὐτό,
1781 2807 1862 2848 sc.
1923 2789 2270 2850 vocabulum
2323 2791 2614 2873 ῥυτῆρος,

498 2873 968 2949 coniungendum
1030 2891 1162 2931 esse
1216 2891 1348 2932 cum
1407 2892 1549 2933 voce
1604 2863 2040 2934 άποδιδόναι;
2104 2882 2171 2934 ut
2224 2875 2616 2951 fragmentum

497 2955 678 3015 hocce
736 2975 802 3016 ac
854 2974 1108 3034 sequens
1161 2958 1358 3033 potius
1413 2958 1485 3017 ad
1539 2976 1693 3035 opus
1747 2957 1978 3036 aliquod
2032 2959 2103 3018 de
2155 2958 2371 3036 glossis
2422 2960 2614 3019 vario-

494 3057 626 3099 rum
678 3047 984 3117 poetarum
1036 3040 1254 3099 editum.
1306 3042 1677 3118 pertinuerit,
1722 3041 1934 3120 quibus
1974 3043 2331 3122 explicandis
2372 3044 2616 3104 multam

501 3143 741 3202 operam
782 3123 1199 3202 impendebant
1236 3125 1595 3203 antiquiores
1626 3127 2015 3202 grammatici,
2056 3146 2109 3186 v.
2141 3127 2328 3188 Lehrs
2359 3128 2430 3188 de
2460 3128 2614 3188 stud.

494 3209 670 3269 Arist.
704 3227 760 3286 p.
797 3208 875 3269 43
909 3228 996 3288 sq.
1056 3209 1142 3267 Ad
1172 3227 1297 3269 rem
1330 3211 1489 3288 quod
1521 3209 1724 3271 attinet
1752 3211 1823 3271 cf.
1858 3211 2022 3272 Suid.
2052 3231 2103 3272 v.
2134 3207 2400 3295 βλαύτη,
2434 3199 2616 3285 εἶδος

494 3283 937 3376 ὑποδήματος.
1013 3290 1385 3377 Σοφοκλῆς·
1433 3288 1751 3356 σπεύδειν
1781 3287 1922 3357 άπὸ
1953 3297 2242 3379 ῥυτῆρος,
2278 3290 2615 3358 τουτέστιν

629 3456 712 3520 33)
750 3457 1039 3516 Ritscblde
1071 3461 1348 3524 Agathonis
1381 3462 1491 3512 vita
1530 3479 1580 3528 p.
1604 3462 1634 3510 2
1669 3463 1718 3513 in
1754 3464 2093 3528 disputatione
2128 3464 2214 3514 illa
2249 3465 2310 3514 de
2346 3464 2610 3526 Archelao,

494 3540 636 3589 quam
670 3541 820 3590 supra
848 3542 892 3591 p.
922 3527 986 3576 20
1020 3529 1191 3590 attigi,
1227 3530 1288 3578 de
1324 3530 1417 3578 hoc
1442 3529 1553 3579 loco
1580 3531 1653 3579 sic
1677 3531 1906 3596 scripsit:
1943 3531 2126 3596 „Quod
2152 3539 2317 3582 autem
2343 3548 2410 3582 ex
2433 3531 2613 3581 Praxi-

491 3592 667 3656 phanis
699 3593 787 3643 illo
821 3595 951 3662 περὶ
987 3596 1237 3659 ποιητῶν
1270 3597 1399 3645 libro
1435 3613 1466 3646 a
1490 3598 1713 3661 Diogene
1738 3599 1771 3647 l.
1798 3615 1841 3649 c.
1869 3606 2249 3649 commemorato
2276 3607 2471 3664 sumpta
2496 3614 2611 3649 esse

491 3659 751 3710 Harlesius
777 3664 825 3711 in
851 3662 1000 3712 Fabr.
1028 3663 1153 3713 Bibl.
1183 3663 1271 3713 Gr.
1298 3663 1377 3728 III,
1403 3680 1450 3730 p.
1481 3665 1578 3713 503
1604 3672 1747 3730 putat
1772 3681 1847 3728 ea,
1873 3682 1998 3731 quae
2024 3682 2087 3715 ex
2113 3666 2427 3731 Praxiphane
2447 3666 2614 3717 Theo-

492 3730 683 3791 phrasti
726 3730 967 3794 discipulo
1009 3732 1069 3779 ad
1112 3731 1315 3781 Hesiodi
1354 3731 1448 3795 Op.
1483 3740 1535 3781 et
1570 3733 1629 3782 D.
1666 3734 1775 3782 init.
1810 3733 1959 3782 affert
1994 3733 2161 3782 Ioann.
2198 3733 2392 3783 Tzetza
2419 3736 2611 3800 (potius

491 3795 751 3857 Proculu8‚
778 3813 826 3847 v.
856 3797 1027 3847 Ranke
1054 3799 1115 3848 de
1143 3798 1349 3848 Hesiodi
1376 3799 1470 3864 op.
1498 3807 1550 3849 et
1576 3801 1633 3850 D.
1662 3816 1835 3850 comm.
1864 3816 1909 3866 p.
1938 3801 1970 3849 4
1994 3805 2108 3866 sq.)‚
2132 3802 2183 3850 id
2208 3801 2402 3850 confido
2428 3802 2609 3850 nemini
2671 3850 2680 3854 ,

492 3865 752 3927 probatum
778 3866 863 3930 iri,
898 3866 980 3930 qui
1005 3882 1114 3915 cum
1139 3867 1362 3915 Tzetzae
1386 3869 1641 3918 annotatis
1668 3869 1906 3930 Diogenis
1929 3869 2085 3919 verba
2111 3869 2385 3931 diligenter
2407 3874 2611 3916 conten-

491 3931 676 3980 derit.“
722 3933 960 3994 Diogenis
987 3934 1139 3983 verba
1176 3942 1293 3984 sunt
1326 3949 1478 3999 supra
1502 3952 1549 4000 p.
1582 3936 1643 3984 15
1668 3936 1939 4000 exscripta.
2008 3936 2248 4001 Equidem
2273 3934 2610 3984 testimonium

493 3996 616 4047 illud
650 4000 711 4048 de
746 4002 1002 4064 prooemio
1028 4001 1119 4066 Op.
1147 4009 1201 4050 et
1226 4002 1286 4051 D.
1312 4017 1376 4051 ex
1404 4004 1600 4065 dialogo
1628 4004 1688 4052 de
1713 4004 1877 4068 poetis
1904 4011 2118 4054 sumtum
2142 4018 2257 4054 esse
2281 4017 2439 4066 neque
2464 3998 2611 4051 affir-

491 4067 728 4116 maverim
754 4083 912 4132 neque
931 4076 1094 4119 tamen
1104 4076 1219 4118 ·tam
1244 4067 1525 4135 praefracte
1551 4071 1857 4133 negaverim.
