2867 4717
807 415 1299 484 grammaticae
1346 415 1795 486 Byzantinae.
2287 415 2354 468 37

254 563 512 648 α’νοίξαι
565 567 645 634 τὸ
697 564 917 652 στόμα
971 563 1067 647 εἷς
1120 566 1378 634 σύνεσιν
1417 569 1548 632 τῶν
1590 565 1939 655 γράμματα
1978 565 2360 650 μανθανόν-

251 677 386 718 των.
462 656 540 719 18
584 652 671 718 τά
730 648 978 719 ἑαυτῶν
1017 648 1365 740 Ἑλληνικὰ
1413 649 1765 757 γράμματα
1783 674 1798 689 ·
1850 651 1967 717 καὶ
2019 650 2143 737 γὰρ
2189 646 2359 718 αύτοὶ

251 738 329 803 τὰ
369 734 709 827 φοινίκεια
749 740 892 814 τοῖς
935 732 1252 820 ὀνόμασιν
1293 726 1398 815 οἷς
1438 761 1555 803 και
1595 736 1680 801 τοὶ
1724 733 2000 823 ἐβραϊκὰ
2036 736 2207 801 κατὰ
2242 734 2359 819 μί-

252 843 441 909 μησιν
493 822 624 887 τῶν
668 816 992 910 Ἑβραίων
1039 825 1183 899 τοῖς
1235 818 1538 901 Φοίνιξιν
1591 815 1855 908 εὑρέθη.
1943 817 2362 909 Παλαμήδης

255 922 320 988 δὲ
359 920 627 1009 ὕστερον
670 919 915 1001 ἐλθών,
976 916 1340 1029 ἀρξάμενος
1381 917 1526 988 άπὸ
1572 921 1693 987 τοῦ
1748 926 1791 987 ἁ
1833 916 2035 1008 ἄλφα,
2081 915 2128 1005 β
2169 921 2357 1009 βῆτα,

255 1005 404 1072 δέκα
470 1006 551 1087 ἓξ
608 1005 782 1090 μόνα
850 1009 989 1084 τοῖς
1066 1003 1356 1093 Ἑλλησιν
1430 998 1576 1090 εὗρε
1640 1009 1958 1087 στοιχεῖα,
2025 1004 2363 1073 τουτέστιν

251 1093 371 1157 κτλ.
431 1115 495 1175 p.
550 1097 617 1169 2,
674 1097 714 1155 4
777 1088 1079 1156 σπαλίδα
1132 1086 1379 1174 ἔλεγον,
1446 1085 1614 1155 α’λλὰ
1682 1090 1799 1156 καὶ
1863 1090 2083 1156 πολλοὶ
2146 1088 2359 1197 ῥημα-

251 1198 327 1240 τα
386 1171 608 1253 ἄλλως
669 1172 1031 1263 έξεφῶνουν
1092 1174 1207 1240 καὶ
1258 1171 1480 1259 ἔλεγον
1532 1174 1649 1240 καὶ
1702 1170 1859 1259 ἐγρα
1917 1198 2006 1240 ον.
2062 1198 2230 1258 μετα
2282 1174 2361 1242 δὲ

250 1260 442 1325 ταῦτα
484 1257 865 1347 Σιμωνίδης
907 1256 944 1326 ὃ
985 1263 1160 1338 Χῖος
1197 1256 1400 1344 εὑρών
1428 1256 1812 1346 προσέθηκε
1855 1197 1994 1341 δύο,
2040 1266 2081 1346 ἡ
2122 1259 2240 1325 καὶ
2280 1266 2358 1339 ὦ,

248 1356 643 1468 Ἐπίχαρμος
687 1359 762 1427 δὲ
806 1356 843 1428 δ
887 1360 1338 1447 Συρακούσιος
1379 1357 1560 1446 τρία,
1610 1351 1671 1441 ζ,
1726 1353 1787 1440 ξ,
1843 1349 1928 1447 ψ,
1982 1358 2098 1424 καὶ
2153 1357 2363 1438 οὕτως

251 1442 605 1534 έπληρωθη
654 1445 738 1510 τοὶ
783 1440 1287 1529 εἰκοσιτέσσαρα
1330 1448 1657 1526 στοιχεῖα·
1703 1442 1866 1511 ὅθεν
1902 1441 2364 1552 μιμησάμενος

255 1525 591 1638 ὃὍμηρος
631 1529 745 1596 τὸν
787 1525 1084 1616 α’ριθμὸν
1124 1531 1256 1595 τῶν
1298 1526 1520 1596 εἷ’κοσι
1564 1528 1686 1595 δύο
1724 1531 2007 1614 βιβλιων
2044 1529 2175 1594 τῶν
2204 1526 2360 1613 παρ’

247 1609 574 1696 Ἕβραιοις
628 1611 723 1692 εἷς
773 1613 887 1679 τὸν
938 1614 1069 1678 τῶν
1122 1609 1342 1680 εἷ’κοσι
1394 1612 1515 1680 δύο
1568 1612 1909 1697 στοιχείων
1957 1610 2361 1680 τυπωθέντα

254 1692 566 1782 ἀριθμόν,
622 1698 737 1763 καὶ
794 1694 995 1776 αύτδς
1044 1698 1165 1785 τὴν
1209 1695 1390 1764 ἰδίαν
1434 1695 1712 1786 ποίησιν
1753 1700 1871 1787 τῆς
1907 1695 2192 1776 Ἰλιάδος
2232 1699 2360 1763 τῶν

255 1778 795 1869 εἰκοσιτεσσάρων
837 1783 1209 1871 ῥαψῳδιῶν
1253 1783 1370 1849 διὰ
1411 1786 1543 1848 τῶν
1586 1780 2137 1869 εἰκοσιτεσσάρων
2165 1780 2361 1848 ἐποι-

252 1889 417 1953 ησεν·
465 1864 642 1933 οὕτω
695 1866 771 1932 δὲ
813 1866 930 1933 καὶ
970 1867 1088 1955 τήν
1125 1863 1514 1934 Ὀδύσσειαν
1556 1870 1692 1932 κτλ.
1776 1873 2038 1932 Alterum
2070 1878 2245 1949 caput
2269 1872 2361 1931 le-

254 1955 391 2032 gitur
431 1957 546 2017 Ms.
588 1975 647 2035 p.
690 1955 834 2017 289.
910 1948 1275 2017 Θεοδοσίου
1336 1950 1496 2035 περὶ
1541 1948 1733 2035 ὅρου·
1780 1947 1934 2035 ὅρος
1976 1948 2121 2016 ἐστὶ
2164 1948 2362 2034 λόγος

252 2034 644 2115 καθολικός,
719 2035 1044 2142 περιέχων
1106 2035 1191 2100 τὰ
1264 2033 1727 2120 περιεχόμενα·
1794 2030 1838 2123 ἢ
1901 2032 2137 2142 οὕτως·
2206 2033 2362 2123 ὅρος

254 2112 414 2186 ἐστὶν
467 2117 510 2187 ὅ
558 2120 636 2186 τδ
689 2116 759 2185 τί
817 2118 997 2187 ε’στιν
1055 2116 1333 2186 ἕκαστον
1386 2121 1613 2208 δηλῶν.
1678 2119 1793 2208 τὴν
1843 2118 1964 2202 μὲν
2020 2144 2131 2185 ουν
2180 2124 2360 2186 καθ-

257 2200 392 2269 όλου
442 2204 672 2292 τέχνην
729 2202 875 2270 ἐστὶ
932 2205 1048 2269 δια
1108 2202 1272 2291 όρως
1325 2200 1723 2293 ὁρίσασθαι·
1780 2200 1845 2271 οἱ
1885 2202 2004 2288 μὲν
2055 2204 2174 2290 γὰρ
2217 2199 2360 2290 ὁρί-

258 2284 460 2365 ζονται
523 2286 758 2366 οὕτως·
810 2287 999 2376 τέχνη
1090 2290 1233 2355 στὶν
1276 2287 1719 2377 ὁδοποιητικὴ
1764 2295 1882 2356 τοῦ
1924 2290 2148 2356 κοινοῦ
2193 2311 2359 2372 συμ-

255 2371 573 2458 φέροντος,
621 2368 815 2438 ὂῖλλοι
862 2372 938 2438 δὲ
981 2370 1215 2453 οὕτως,
1271 2372 1456 2480 τέχνη
1512 2372 1657 2440 ἐστὶ
1708 2372 2011 2457 μέθοδος
2061 2373 2358 2460 ἐνεργοῦ-

255 2477 329 2520 σα
375 2460 472 2545 τῷ
529 2455 660 2545 βίῳ
709 2457 789 2522 τδ
837 2457 1204 2545 συμφέρον·
1260 2454 1325 2523 οἱ
1371 2459 1446 2523 δε
1487 2458 1778 2524 Στωικοὶ
1820 2457 2214 2546 φιλόσοφοι,
2270 2448 2360 2523 ὧν

252 2540 356 2606 καὶ
396 2539 432 2608 ὃ
481 2539 635 2626 ὅρος
680 2538 1102 2621 ἀποδεκτέος,
1150 2539 1386 2621 οὕτως·
1429 2541 1616 2630 τέχνη
1662 2540 1807 2609 ἐστὶ
1839 2540 2138 2629 σύστημα
2167 2541 2358 2627 ἐγκα-

253 2625 592 2731 ταλήψεων
635 2628 1297 2734 συγγεγυμνασμένων
1341 2625 1513 2713 πρός
1553 2652 1620 2692 τι
1664 2627 1851 2705 τέλος
1888 2622 2234 2732 εῗὲχρηστον
2260 2627 2360 2713 τῶ

253 2713 386 2811 ξιιμ.
450 2712 574 2776 καὶ
623 2705 811 2790 άξιον
866 2712 942 2777 δε
996 2736 1172 2816 ημας
1219 2710 1313 2817 μὴ
1372 2709 1627 2796 άγνοεῖν
1678 2712 1798 2788 τὰς
1841 2709 2221 2794 ἐγκειμενας
2262 2712 2371 2797 τῷ

255 2815 373 2881 ορῳ
414 2793 656 2875 λέξεις·
704 2793 1001 2882 σύστημα
1046 2817 1170 2881 γαρ
1214 2818 1360 2861 εστι
1385 2795 1464 2860 τὸ
1509 2795 1782 2881 πλῆθος
1809 2794 1943 2858 κτλ.
2009 2799 2231 2859 Deinde
2260 2818 2357 2860 se-

255 2892 502 2959 quuntur
543 2902 694 2963 quae
733 2883 887 2963 apud
922 2883 1131 2945 Goettl.
1173 2884 1443 2962 leguntur
1494 2903 1551 2963 p.
1596 2885 1698 2957 50,
1744 2883 1819 2944 10
1862 2902 1990 2961 sqq.
2033 2902 2116 2944 VS.
2167 2886 2243 2945 10
2281 2883 2354 2945 H.

253 2962 523 3051 πλῆθος.
608 2969 680 3029 12
725 2962 1239 3051 ἐγκαταλήψεων
1286 3004 1371 3012 -
1426 2961 1749 3050 γνῶσεων,
1792 2964 2190 3047 καταλαβεῖν
2234 2964 2356 3049 γὰρ

254 3045 320 3110 τὸ
375 3049 634 3154 γνῶναι.
691 3048 1415 3156 κσυγγκεγυμνασμένωνζ
1456 3048 1761 3148 τουτέστι
1785 3047 2356 3155 ,συνεξητημένωὲν

256 3152 570 3283 Ξὲμέῗὲἒῖἶ
620 3154 751 3294 ἶῗςρ
768 3157 1272 3322 τῖἱζςωῗέζίῖῗς]
1291 3138 2358 3303 ἔαέαέἔὲςσέἶῑὶἷξοὲζῗέᾡταῗτέζέ

253 3321 351 3384 νην
404 3299 830 3386 ἐργάζεσθαι.
909 3306 990 3367 20
1049 3300 1545 3390 απηγορευμένη
1601 3300 1841 3387 μώμῳ,
1903 3292 1991 3366 ὧν
2041 3300 2119 3367 τὸ
2171 3300 2358 3379 τέλος

253 3382 553 3463 θάνατος.
636 3383 698 3451 εἰ
762 3386 883 3475 γὰρ
937 3384 1057 3451 ἐπὶ
1110 3385 1513 3475 συμφέροντι
1570 3387 1686 3451 καὶ
1738 3387 1821 3472 τῇ
1876 3385 2191 3453 συστάσει
2243 3388 2357 3453 τοῦ

255 3464 391 3546 βίου
444 3468 626 3535 ἐστὶν
680 3464 718 3557 ἦ
774 3469 987 3578 τέχνη,
1057 3463 1255 3537 αὗται
1320 3471 1397 3558 δὴ
1466 3471 1650 3549 τέλος
1704 3466 2019 3558 ὀλέθριον
2069 3468 2353 3552 ἔχουσαι,

257 3546 544 3639 ὁμολογῶ
596 3549 687 3632 ὥς
738 3550 812 3619 ού
867 3578 1089 3636 τεχναι
1140 3556 1386 3638 μᾶλλον
1429 3550 1474 3642 ἢ
1515 3553 1935 3637 κακοτεχνίαι
1980 3551 2174 3621 εἰσίν·
2241 3557 2355 3621 καὶ

255 3637 445 3702 ταῦτα
485 3636 608 3721 μὲν
650 3637 808 3742 περὶ
852 3641 970 3725 τῆς
1012 3638 1154 3719 τέχν
1198 3665 1232 3717 ς
1273 3639 1485 3724 λέγειν
1528 3638 2072 3728 ἐπεχειρήσαμεν·
2118 3640 2236 3727 τήν
2281 3638 2354 3704 δὲ

257 3723 695 3809 γραμματικήν
718 3747 782 3788 οι
814 3718 1038 3809 ὀρθῶς
1061 3721 1165 3809 ὁρι
1211 3723 1437 3807 όμενοι
1462 3727 1691 3791 τοῦτον
1714 3721 2049 3809 ὁριζόνται
2070 3724 2184 3788 τὸν
2203 3723 2355 3808 τρό-

258 3826 390 3869 πον.
432 3811 706 3889 Sequitur
728 3813 871 3872 haec
894 3812 1076 3873 finitio
1103 3816 1534 3893 grammaticae:
1561 3807 1979 3897 γραμματική
2003 3807 2146 3875 ἐστι
2170 3807 2351 3895 τέχνη

262 3879 474 3973 [ἤγουν]
528 3889 665 3970 ἕξις
709 3892 1085 3980 θεωρητική
1132 3895 1246 3958 καὶ
1290 3894 1610 3981 ποιητική
1636 3896 1786 4002 ἱτῶν
1829 3893 2021 3997 παροὶ3
2042 3898 2358 3979 ποιηταῖς

852 3979 882 3994 ‘⁹
1377 3977 1393 4001 Ι

256 3992 317 4035 τε
356 3975 469 4039 καὶ
513 3997 982 4064 συγγραφευσι,
1023 3973 1107 4042 δι’
1152 3970 1232 4065 ἧς
1273 3974 1533 4066 ἑκάστῳ
1578 4004 1657 4046 το
1703 3976 1947 4044 οἰκεῖον
1978 3976 2354 4045 αποδιδόν-

2386 2822 2438 2862 24
