<?xml version="1.0" encoding="UTF-8"?>
<!DOCTYPE html PUBLIC "-//W3C//DTD XHTML 1.0 Transitional//EN"
    "http://www.w3.org/TR/xhtml1/DTD/xhtml1-transitional.dtd">
<html xmlns="http://www.w3.org/1999/xhtml" xml:lang="en" lang="en">
 <head>
  <title>
</title>
<meta http-equiv="Content-Type" content="text/html;charset=utf-8" />
  <meta name='ocr-system' content='tesseract 3.04.00' />
  <meta name='ocr-capabilities' content='ocr_page ocr_carea ocr_par ocr_line ocrx_word'/>
</head>
<body>
  <div class='ocr_page' id='page_1' title='image "./ausgewhlteaufst01khgoog_0126.png"; bbox 0 0 2867 4717; ppageno 0'>
   <div class='ocr_carea' id='block_1_1' title="bbox 30 1354 2359 1597">
    <p class='ocr_par' dir='ltr' id='par_1_1' title="bbox 30 1354 2359 1597">
     <span class='ocr_line' id='line_1_1' title="bbox 30 1354 2359 1491; baseline -0 -8"><span class='ocrx_word' id='word_1_1' title='bbox 30 1354 33 1483; x_wconf 94' lang='grc' dir='ltr'>Ι</span> <span class='ocrx_word' id='word_1_2' title='bbox 224 1396 346 1480; x_wconf 84' lang='lat' dir='ltr'><strong>DE</strong></span> <span class='ocrx_word' id='word_1_3' title='bbox 389 1394 618 1479; x_wconf 58' lang='lat' dir='ltr'><strong>bools</strong></span> <span class='ocrx_word' id='word_1_4' title='bbox 666 1398 1012 1491; x_wconf 70' lang='lat' dir='ltr'><strong>monor</strong></span> <span class='ocrx_word' id='word_1_5' title='bbox 1056 1397 1492 1481; x_wconf 79' lang='lat' dir='ltr'><strong>PAUSANlAE</strong></span> <span class='ocrx_word' id='word_1_6' title='bbox 1536 1398 2007 1482; x_wconf 73' lang='lat' dir='ltr'><strong>Disrurmo</strong></span> <span class='ocrx_word' id='word_1_7' title='bbox 2042 1399 2359 1483; x_wconf 73' lang='lat' dir='ltr'><strong>ansus.</strong></span> 
     </span>
     <span class='ocr_line' id='line_1_2' title="bbox 30 1512 2090 1597; baseline 0.002 -6"><span class='ocrx_word' id='word_1_8' title='bbox 30 1530 33 1537; x_wconf 50' lang='grc'><strong>’</strong></span> <span class='ocrx_word' id='word_1_9' title='bbox 520 1512 867 1596; x_wconf 66' lang='lat' dir='ltr'><strong>Acmon</strong></span> <span class='ocrx_word' id='word_1_10' title='bbox 918 1512 1570 1596; x_wconf 73' lang='grc' dir='ltr'><strong>ΑυυιΤΑΜΕΝτυΜ</strong></span> <span class='ocrx_word' id='word_1_11' title='bbox 1619 1514 2090 1597; x_wconf 69' lang='lat' dir='ltr'><strong>roLssMoNis.</strong></span> 
     </span>
    </p>
   </div>
   <div class='ocr_carea' id='block_1_2' title="bbox 1192 1671 1371 1680">
    <p class='ocr_par' dir='ltr' id='par_1_2' title="bbox 1192 1671 1371 1680">
     <span class='ocr_line' id='line_1_3' title="bbox 1192 1671 1371 1680; baseline 0 0"><span class='ocrx_word' id='word_1_12' title='bbox 1192 1671 1371 1680; x_wconf 95' lang='lat' dir='ltr'><strong> </strong></span> 
     </span>
    </p>
   </div>
   <div class='ocr_carea' id='block_1_3' title="bbox 227 1709 2356 1933">
    <p class='ocr_par' dir='ltr' id='par_1_3' title="bbox 227 1709 2356 1933">
     <span class='ocr_line' id='line_1_4' title="bbox 227 1709 2356 1802; baseline 0.001 -21"><span class='ocrx_word' id='word_1_13' title='bbox 227 1731 411 1795; x_wconf 79' lang='lat' dir='ltr'><strong>(Index</strong></span> <span class='ocrx_word' id='word_1_14' title='bbox 445 1732 725 1783; x_wconf 80' lang='lat' dir='ltr'><strong>scholarum</strong></span> <span class='ocrx_word' id='word_1_15' title='bbox 753 1734 801 1783; x_wconf 92' lang='lat' dir='ltr'><strong>in</strong></span> <span class='ocrx_word' id='word_1_16' title='bbox 832 1709 1164 1784; x_wconf 69' lang='lat' dir='ltr'><strong>universitate</strong></span> <span class='ocrx_word' id='word_1_17' title='bbox 1194 1735 1446 1786; x_wconf 82' lang='lat' dir='ltr'><strong>litteraria</strong></span> <span class='ocrx_word' id='word_1_18' title='bbox 1473 1734 1723 1785; x_wconf 79' lang='lat' dir='ltr'><strong>Caesarea</strong></span> <span class='ocrx_word' id='word_1_19' title='bbox 1744 1737 2044 1801; x_wconf 87' lang='lat' dir='ltr'><strong>Dorpatensi</strong></span> <span class='ocrx_word' id='word_1_20' title='bbox 2074 1751 2165 1802; x_wconf 90' lang='lat' dir='ltr'><strong>per</strong></span> <span class='ocrx_word' id='word_1_21' title='bbox 2197 1750 2356 1784; x_wconf 81' lang='lat' dir='ltr'><strong>seme·</strong></span> 
     </span>
     <span class='ocr_line' id='line_1_5' title="bbox 227 1800 2356 1870; baseline 0.001 -21"><span class='ocrx_word' id='word_1_22' title='bbox 227 1806 342 1850; x_wconf 87' lang='lat' dir='ltr'><strong>stre</strong></span> <span class='ocrx_word' id='word_1_23' title='bbox 375 1800 593 1850; x_wconf 82' lang='lat' dir='ltr'><strong>alterum</strong></span> <span class='ocrx_word' id='word_1_24' title='bbox 626 1802 740 1850; x_wconf 84' lang='lat' dir='ltr'><strong>anni</strong></span> <span class='ocrx_word' id='word_1_25' title='bbox 766 1801 1078 1851; x_wconf 86' lang='lat' dir='ltr'>MDCCCXL</span> <span class='ocrx_word' id='word_1_26' title='bbox 1105 1803 1455 1852; x_wconf 81' lang='lat' dir='ltr'><strong>habendarum.</strong></span> <span class='ocrx_word' id='word_1_27' title='bbox 1507 1803 1731 1870; x_wconf 82' lang='lat' dir='ltr'><strong>Dorpati‚</strong></span> <span class='ocrx_word' id='word_1_28' title='bbox 1758 1819 1825 1852; x_wconf 84' lang='lat' dir='ltr'><strong>ex</strong></span> <span class='ocrx_word' id='word_1_29' title='bbox 1850 1802 2048 1853; x_wconf 82' lang='lat' dir='ltr'><strong>officina</strong></span> <span class='ocrx_word' id='word_1_30' title='bbox 2074 1802 2356 1854; x_wconf 81' lang='lat' dir='ltr'><strong>academica</strong></span> 
     </span>
     <span class='ocr_line' id='line_1_6' title="bbox 874 1867 1715 1933; baseline 0.002 -15"><span class='ocrx_word' id='word_1_31' title='bbox 874 1867 909 1918; x_wconf 92' lang='grc' dir='ltr'><strong>Ι.</strong></span> <span class='ocrx_word' id='word_1_32' title='bbox 938 1868 993 1919; x_wconf 91' lang='lat' dir='ltr'><strong>C.</strong></span> <span class='ocrx_word' id='word_1_33' title='bbox 1019 1869 1353 1920; x_wconf 86' lang='lat' dir='ltr'><strong>Schiinmanni</strong></span> <span class='ocrx_word' id='word_1_34' title='bbox 1379 1871 1575 1920; x_wconf 84' lang='lat' dir='ltr'><strong>viduae.</strong></span> <span class='ocrx_word' id='word_1_35' title='bbox 1611 1872 1715 1933; x_wconf 85' lang='lat'>4⁰).</span> 
     </span>
    </p>
   </div>
   <div class='ocr_carea' id='block_1_4' title="bbox 1091 2006 1496 2014">
    <p class='ocr_par' dir='ltr' id='par_1_4' title="bbox 1091 2006 1496 2014">
     <span class='ocr_line' id='line_1_7' title="bbox 1091 2006 1496 2014; baseline 0 0"><span class='ocrx_word' id='word_1_36' title='bbox 1091 2006 1496 2014; x_wconf 95' lang='lat' dir='ltr'><strong> </strong></span> 
     </span>
    </p>
   </div>
   <div class='ocr_carea' id='block_1_5' title="bbox 230 2100 2416 4058">
    <p class='ocr_par' dir='ltr' id='par_1_5' title="bbox 230 2100 2416 4058">
     <span class='ocr_line' id='line_1_8' title="bbox 423 2100 2416 2198; baseline -0.001 -19"><span class='ocrx_word' id='word_1_37' title='bbox 423 2100 771 2195; x_wconf 83' lang='lat' dir='ltr'><strong>Urgentibus</strong></span> <span class='ocrx_word' id='word_1_38' title='bbox 801 2119 1149 2181; x_wconf 89' lang='lat' dir='ltr'><strong>lectionibus</strong></span> <span class='ocrx_word' id='word_1_39' title='bbox 1179 2138 1255 2180; x_wconf 89' lang='lat' dir='ltr'><strong>ne</strong></span> <span class='ocrx_word' id='word_1_40' title='bbox 1285 2119 1429 2180; x_wconf 88' lang='lat' dir='ltr'>nihil</span> <span class='ocrx_word' id='word_1_41' title='bbox 1460 2119 1597 2180; x_wconf 90' lang='lat' dir='ltr'><strong>huic</strong></span> <span class='ocrx_word' id='word_1_42' title='bbox 1623 2117 1811 2179; x_wconf 91' lang='lat' dir='ltr'><strong>libello</strong></span> <span class='ocrx_word' id='word_1_43' title='bbox 1842 2117 2233 2198; x_wconf 80' lang='lat' dir='ltr'>praemittam,</span> <span class='ocrx_word' id='word_1_44' title='bbox 2263 2119 2355 2179; x_wconf 91' lang='lat' dir='ltr'><strong>lo-</strong></span> <span class='ocrx_word' id='word_1_45' title='bbox 2391 2138 2416 2177; x_wconf 84' lang='lat'><strong>3</strong></span> 
     </span>
     <span class='ocr_line' id='line_1_9' title="bbox 234 2201 2356 2280; baseline 0.001 -18"><span class='ocrx_word' id='word_1_46' title='bbox 234 2219 342 2262; x_wconf 90' lang='lat' dir='ltr'><strong>cos</strong></span> <span class='ocrx_word' id='word_1_47' title='bbox 361 2201 586 2280; x_wconf 83' lang='lat' dir='ltr'><strong>aliquot</strong></span> <span class='ocrx_word' id='word_1_48' title='bbox 602 2202 926 2266; x_wconf 81' lang='lat' dir='ltr'><strong>Pausaniae</strong></span> <span class='ocrx_word' id='word_1_49' title='bbox 941 2205 1019 2265; x_wconf 91' lang='lat' dir='ltr'><strong>ita</strong></span> <span class='ocrx_word' id='word_1_50' title='bbox 1042 2204 1325 2278; x_wconf 83' lang='lat' dir='ltr'><strong>tractabo,</strong></span> <span class='ocrx_word' id='word_1_51' title='bbox 1344 2212 1409 2265; x_wconf 90' lang='lat' dir='ltr'><strong>ut</strong></span> <span class='ocrx_word' id='word_1_52' title='bbox 1421 2202 1522 2265; x_wconf 91' lang='lat' dir='ltr'><strong>ubi</strong></span> <span class='ocrx_word' id='word_1_53' title='bbox 1538 2223 1569 2263; x_wconf 91' lang='lat' dir='ltr'><strong>a</strong></span> <span class='ocrx_word' id='word_1_54' title='bbox 1587 2204 2048 2264; x_wconf 89' lang='lat' dir='ltr'><strong>novissimorum</strong></span> <span class='ocrx_word' id='word_1_55' title='bbox 2064 2202 2356 2265; x_wconf 86' lang='lat' dir='ltr'><strong>editorum</strong></span> 
     </span>
     <span class='ocr_line' id='line_1_10' title="bbox 234 2285 2356 2366; baseline 0.001 -20"><span class='ocrx_word' id='word_1_56' title='bbox 234 2285 551 2348; x_wconf 89' lang='lat' dir='ltr'><strong>Schubarti</strong></span> <span class='ocrx_word' id='word_1_57' title='bbox 583 2294 641 2348; x_wconf 87' lang='lat' dir='ltr'><strong>et</strong></span> <span class='ocrx_word' id='word_1_58' title='bbox 669 2289 871 2349; x_wconf 87' lang='lat' dir='ltr'><strong>Walzii</strong></span> <span class='ocrx_word' id='word_1_59' title='bbox 901 2289 1115 2350; x_wconf 91' lang='lat' dir='ltr'><strong>iudicio</strong></span> <span class='ocrx_word' id='word_1_60' title='bbox 1147 2288 1614 2351; x_wconf 89' lang='lat' dir='ltr'><strong>dissentiendum</strong></span> <span class='ocrx_word' id='word_1_61' title='bbox 1645 2289 1789 2349; x_wconf 90' lang='lat' dir='ltr'><strong>mihi</strong></span> <span class='ocrx_word' id='word_1_62' title='bbox 1819 2288 2111 2361; x_wconf 86' lang='lat' dir='ltr'><strong>videatur,</strong></span> <span class='ocrx_word' id='word_1_63' title='bbox 2153 2289 2356 2366; x_wconf 84' lang='lat' dir='ltr'><strong>paucis</strong></span> 
     </span>
     <span class='ocr_line' id='line_1_11' title="bbox 230 2372 2355 2453; baseline 0.001 -23"><span class='ocrx_word' id='word_1_64' title='bbox 230 2372 353 2431; x_wconf 90' lang='lat' dir='ltr'><strong>hoc</strong></span> <span class='ocrx_word' id='word_1_65' title='bbox 400 2372 739 2449; x_wconf 88' lang='lat' dir='ltr'><strong>significem.</strong></span> <span class='ocrx_word' id='word_1_66' title='bbox 811 2374 1074 2452; x_wconf 81' lang='lat' dir='ltr'><strong>Namque</strong></span> <span class='ocrx_word' id='word_1_67' title='bbox 1114 2376 1338 2453; x_wconf 82' lang='lat' dir='ltr'><strong>egregie</strong></span> <span class='ocrx_word' id='word_1_68' title='bbox 1378 2374 1611 2453; x_wconf 89' lang='lat' dir='ltr'><strong>quidem</strong></span> <span class='ocrx_word' id='word_1_69' title='bbox 1651 2380 1792 2451; x_wconf 90' lang='lat' dir='ltr'><strong>post</strong></span> <span class='ocrx_word' id='word_1_70' title='bbox 1825 2380 1917 2434; x_wconf 85' lang='lat' dir='ltr'><strong>tot</strong></span> <span class='ocrx_word' id='word_1_71' title='bbox 1958 2373 2186 2451; x_wconf 84' lang='lat' dir='ltr'><strong>priores</strong></span> <span class='ocrx_word' id='word_1_72' title='bbox 2227 2379 2355 2433; x_wconf 92' lang='lat' dir='ltr'><strong>tum</strong></span> 
     </span>
     <span class='ocr_line' id='line_1_12' title="bbox 232 2455 2356 2537; baseline 0.002 -22"><span class='ocrx_word' id='word_1_73' title='bbox 232 2455 313 2515; x_wconf 91' lang='lat' dir='ltr'><strong>illi</strong></span> <span class='ocrx_word' id='word_1_74' title='bbox 353 2455 427 2515; x_wconf 95' lang='lat' dir='ltr'><strong>de</strong></span> <span class='ocrx_word' id='word_1_75' title='bbox 454 2456 751 2535; x_wconf 83' lang='lat' dir='ltr'><strong>Periegeta</strong></span> <span class='ocrx_word' id='word_1_76' title='bbox 787 2460 1153 2519; x_wconf 90' lang='lat' dir='ltr'><strong>emendando</strong></span> <span class='ocrx_word' id='word_1_77' title='bbox 1186 2466 1358 2537; x_wconf 90' lang='lat' dir='ltr'><strong>atque</strong></span> <span class='ocrx_word' id='word_1_78' title='bbox 1389 2457 1772 2537; x_wconf 87' lang='lat' dir='ltr'><strong>perpoliendo</strong></span> <span class='ocrx_word' id='word_1_79' title='bbox 1804 2458 1994 2518; x_wconf 89' lang='lat' dir='ltr'><strong>meriti</strong></span> <span class='ocrx_word' id='word_1_80' title='bbox 2024 2464 2187 2529; x_wconf 89' lang='lat' dir='ltr'><strong>sunt,</strong></span> <span class='ocrx_word' id='word_1_81' title='bbox 2228 2465 2356 2519; x_wconf 85' lang='lat' dir='ltr'><strong>tum</strong></span> 
     </span>
     <span class='ocr_line' id='line_1_13' title="bbox 233 2540 2352 2621; baseline 0 -21"><span class='ocrx_word' id='word_1_82' title='bbox 233 2540 335 2617; x_wconf 88' lang='lat' dir='ltr'><strong>qui</strong></span> <span class='ocrx_word' id='word_1_83' title='bbox 392 2558 669 2602; x_wconf 89' lang='lat' dir='ltr'><strong>censuras</strong></span> <span class='ocrx_word' id='word_1_84' title='bbox 718 2543 892 2603; x_wconf 90' lang='lat' dir='ltr'><strong>huius</strong></span> <span class='ocrx_word' id='word_1_85' title='bbox 931 2543 1203 2604; x_wconf 86' lang='lat' dir='ltr'><strong>editionis</strong></span> <span class='ocrx_word' id='word_1_86' title='bbox 1260 2543 1648 2621; x_wconf 88' lang='lat' dir='ltr'><strong>scripserunt,</strong></span> <span class='ocrx_word' id='word_1_87' title='bbox 1697 2544 2014 2603; x_wconf 91' lang='lat' dir='ltr'><strong>Creuzerus</strong></span> <span class='ocrx_word' id='word_1_88' title='bbox 2054 2541 2115 2601; x_wconf 92' lang='lat' dir='ltr'><strong>in</strong></span> <span class='ocrx_word' id='word_1_89' title='bbox 2148 2542 2352 2603; x_wconf 89' lang='lat' dir='ltr'><strong>Notitt.</strong></span> 
     </span>
     <span class='ocr_line' id='line_1_14' title="bbox 231 2625 2358 2701; baseline 0 -16"><span class='ocrx_word' id='word_1_90' title='bbox 231 2625 475 2685; x_wconf 88' lang='lat' dir='ltr'><strong>litterar.</strong></span> <span class='ocrx_word' id='word_1_91' title='bbox 506 2627 729 2688; x_wconf 88' lang='lat' dir='ltr'><strong>Monac.</strong></span> <span class='ocrx_word' id='word_1_92' title='bbox 778 2626 938 2690; x_wconf 87' lang='grc'>1838</span> <span class='ocrx_word' id='word_1_93' title='bbox 979 2629 1089 2688; x_wconf 90' lang='lat' dir='ltr'><strong>No.</strong></span> <span class='ocrx_word' id='word_1_94' title='bbox 1121 2628 1424 2701; x_wconf 84' lang='lat'>91-96‚</span> <span class='ocrx_word' id='word_1_95' title='bbox 1468 2628 1955 2688; x_wconf 86' lang='lat' dir='ltr'><strong>Westermannus</strong></span> <span class='ocrx_word' id='word_1_96' title='bbox 1994 2626 2054 2686; x_wconf 90' lang='lat' dir='ltr'><strong>in</strong></span> <span class='ocrx_word' id='word_1_97' title='bbox 2088 2627 2256 2687; x_wconf 90' lang='lat' dir='ltr'><strong>Seeb.</strong></span> <span class='ocrx_word' id='word_1_98' title='bbox 2300 2633 2358 2686; x_wconf 91' lang='lat' dir='ltr'><strong>et</strong></span> 
     </span>
     <span class='ocr_line' id='line_1_15' title="bbox 232 2709 2353 2790; baseline 0 -21"><span class='ocrx_word' id='word_1_99' title='bbox 232 2709 410 2769; x_wconf 79' lang='lat' dir='ltr'><strong>Jahn.</strong></span> <span class='ocrx_word' id='word_1_100' title='bbox 449 2711 653 2771; x_wconf 84' lang='lat' dir='ltr'><strong>Annal.</strong></span> <span class='ocrx_word' id='word_1_101' title='bbox 702 2711 865 2773; x_wconf 86' lang='lat'>1839</span> <span class='ocrx_word' id='word_1_102' title='bbox 906 2713 1070 2774; x_wconf 90' lang='lat' dir='ltr'><strong>Fasc.</strong></span> <span class='ocrx_word' id='word_1_103' title='bbox 1097 2714 1151 2785; x_wconf 92' lang='lat' dir='ltr'><strong>I,</strong></span> <span class='ocrx_word' id='word_1_104' title='bbox 1195 2712 1530 2773; x_wconf 87' lang='lat' dir='ltr'><strong>Siebelisius</strong></span> <span class='ocrx_word' id='word_1_105' title='bbox 1572 2712 1630 2772; x_wconf 91' lang='lat' dir='ltr'><strong>in</strong></span> <span class='ocrx_word' id='word_1_106' title='bbox 1670 2712 1915 2790; x_wconf 88' lang='lat' dir='ltr'><strong>Ephem.</strong></span> <span class='ocrx_word' id='word_1_107' title='bbox 1957 2711 2195 2771; x_wconf 86' lang='lat' dir='ltr'><strong>litterar.</strong></span> <span class='ocrx_word' id='word_1_108' title='bbox 2228 2710 2353 2771; x_wconf 89' lang='lat' dir='ltr'><strong>Hal.</strong></span> 
     </span>
     <span class='ocr_line' id='line_1_16' title="bbox 239 2792 2357 2874; baseline 0 -21"><span class='ocrx_word' id='word_1_109' title='bbox 239 2792 405 2854; x_wconf 87' lang='lat'>1839</span> <span class='ocrx_word' id='word_1_110' title='bbox 436 2794 545 2855; x_wconf 88' lang='lat' dir='ltr'><strong>No.</strong></span> <span class='ocrx_word' id='word_1_111' title='bbox 578 2794 857 2858; x_wconf 80' lang='lat'>28—33:</span> <span class='ocrx_word' id='word_1_112' title='bbox 888 2805 947 2859; x_wconf 91' lang='lat' dir='ltr'><strong>at</strong></span> <span class='ocrx_word' id='word_1_113' title='bbox 973 2798 1267 2858; x_wconf 87' lang='lat' dir='ltr'><strong>enimvero</strong></span> <span class='ocrx_word' id='word_1_114' title='bbox 1291 2804 1381 2858; x_wconf 89' lang='lat' dir='ltr'><strong>tot</strong></span> <span class='ocrx_word' id='word_1_115' title='bbox 1408 2814 1516 2874; x_wconf 89' lang='lat' dir='ltr'><strong>per</strong></span> <span class='ocrx_word' id='word_1_116' title='bbox 1545 2795 1702 2855; x_wconf 91' lang='lat' dir='ltr'><strong>illum</strong></span> <span class='ocrx_word' id='word_1_117' title='bbox 1736 2796 2085 2873; x_wconf 84' lang='lat' dir='ltr'><strong>scriptorem</strong></span> <span class='ocrx_word' id='word_1_118' title='bbox 2118 2812 2357 2872; x_wconf 88' lang='lat' dir='ltr'><strong>sparsae</strong></span> 
     </span>
     <span class='ocr_line' id='line_1_17' title="bbox 233 2879 2350 2961; baseline 0.001 -24"><span class='ocrx_word' id='word_1_119' title='bbox 233 2885 376 2938; x_wconf 88' lang='lat' dir='ltr'><strong>sunt</strong></span> <span class='ocrx_word' id='word_1_120' title='bbox 405 2881 798 2958; x_wconf 90' lang='lat' dir='ltr'><strong>corruptelae,</strong></span> <span class='ocrx_word' id='word_1_121' title='bbox 839 2889 959 2942; x_wconf 85' lang='lat' dir='ltr'><strong>tam</strong></span> <span class='ocrx_word' id='word_1_122' title='bbox 984 2901 1190 2961; x_wconf 91' lang='lat' dir='ltr'><strong>parum</strong></span> <span class='ocrx_word' id='word_1_123' title='bbox 1224 2881 1284 2941; x_wconf 92' lang='lat' dir='ltr'><strong>in</strong></span> <span class='ocrx_word' id='word_1_124' title='bbox 1315 2880 1613 2941; x_wconf 88' lang='lat' dir='ltr'><strong>codicibus</strong></span> <span class='ocrx_word' id='word_1_125' title='bbox 1645 2879 1892 2941; x_wconf 89' lang='lat' dir='ltr'><strong>subsidii</strong></span> <span class='ocrx_word' id='word_1_126' title='bbox 1922 2887 2013 2940; x_wconf 91' lang='lat' dir='ltr'><strong>est</strong></span> <span class='ocrx_word' id='word_1_127' title='bbox 2051 2883 2134 2956; x_wconf 86' lang='lat' dir='ltr'><strong>(v.</strong></span> <span class='ocrx_word' id='word_1_128' title='bbox 2162 2879 2350 2940; x_wconf 89' lang='lat' dir='ltr'><strong>Schu-</strong></span> 
     </span>
     <span class='ocr_line' id='line_1_18' title="bbox 232 2961 2352 3044; baseline 0.002 -22"><span class='ocrx_word' id='word_1_129' title='bbox 232 2961 385 3023; x_wconf 89' lang='lat' dir='ltr'><strong>bart.</strong></span> <span class='ocrx_word' id='word_1_130' title='bbox 409 2971 467 3025; x_wconf 87' lang='lat' dir='ltr'><strong>et</strong></span> <span class='ocrx_word' id='word_1_131' title='bbox 480 2964 657 3024; x_wconf 91' lang='lat' dir='ltr'><strong>Walz.</strong></span> <span class='ocrx_word' id='word_1_132' title='bbox 683 2965 810 3026; x_wconf 92' lang='lat' dir='ltr'><strong>Vol.</strong></span> <span class='ocrx_word' id='word_1_133' title='bbox 835 2966 880 3038; x_wconf 90' lang='grc' dir='ltr'><strong>Ι,</strong></span> <span class='ocrx_word' id='word_1_134' title='bbox 906 2967 1134 3044; x_wconf 70' lang='lat' dir='ltr'><strong>praefi),</strong></span> <span class='ocrx_word' id='word_1_135' title='bbox 1156 2973 1274 3026; x_wconf 89' lang='lat' dir='ltr'><strong>tam</strong></span> <span class='ocrx_word' id='word_1_136' title='bbox 1299 2965 1582 3044; x_wconf 88' lang='lat' dir='ltr'><strong>impedito</strong></span> <span class='ocrx_word' id='word_1_137' title='bbox 1608 2965 1857 3043; x_wconf 90' lang='lat' dir='ltr'><strong>denique</strong></span> <span class='ocrx_word' id='word_1_138' title='bbox 1879 2965 2008 3044; x_wconf 91' lang='lat' dir='ltr'><strong>ipse</strong></span> <span class='ocrx_word' id='word_1_139' title='bbox 2032 2964 2352 3026; x_wconf 89' lang='lat' dir='ltr'><strong>Pausanias</strong></span> 
     </span>
     <span class='ocr_line' id='line_1_19' title="bbox 232 3050 2356 3129; baseline 0.001 -23"><span class='ocrx_word' id='word_1_140' title='bbox 232 3064 665 3127; x_wconf 89' lang='lat' dir='ltr'><strong>nonnunquam</strong></span> <span class='ocrx_word' id='word_1_141' title='bbox 695 3050 878 3111; x_wconf 87' lang='lat' dir='ltr'><strong>utitur</strong></span> <span class='ocrx_word' id='word_1_142' title='bbox 907 3051 1134 3113; x_wconf 90' lang='lat' dir='ltr'><strong>dicendi</strong></span> <span class='ocrx_word' id='word_1_143' title='bbox 1158 3068 1387 3129; x_wconf 87' lang='lat' dir='ltr'><strong>genere,</strong></span> <span class='ocrx_word' id='word_1_144' title='bbox 1415 3058 1480 3111; x_wconf 91' lang='lat' dir='ltr'><strong>ut</strong></span> <span class='ocrx_word' id='word_1_145' title='bbox 1500 3051 1973 3129; x_wconf 82' lang='lat' dir='ltr'><strong>frequentissima</strong></span> <span class='ocrx_word' id='word_1_146' title='bbox 2000 3051 2171 3111; x_wconf 88' lang='lat' dir='ltr'><strong>etiam</strong></span> <span class='ocrx_word' id='word_1_147' title='bbox 2194 3067 2356 3109; x_wconf 89' lang='lat' dir='ltr'><strong>nunc</strong></span> 
     </span>
     <span class='ocr_line' id='line_1_20' title="bbox 235 3132 2350 3215; baseline 0 -23"><span class='ocrx_word' id='word_1_148' title='bbox 235 3132 461 3193; x_wconf 89' lang='lat' dir='ltr'><strong>criseos</strong></span> <span class='ocrx_word' id='word_1_149' title='bbox 479 3134 824 3195; x_wconf 88' lang='lat' dir='ltr'><strong>factitandae</strong></span> <span class='ocrx_word' id='word_1_150' title='bbox 844 3136 1273 3215; x_wconf 88' lang='lat' dir='ltr'><strong>lectionumque</strong></span> <span class='ocrx_word' id='word_1_151' title='bbox 1282 3137 1369 3196; x_wconf 86' lang='lat' dir='ltr'><strong>vel</strong></span> <span class='ocrx_word' id='word_1_152' title='bbox 1387 3136 1878 3196; x_wconf 87' lang='lat' dir='ltr'><strong>defendendarum</strong></span> <span class='ocrx_word' id='word_1_153' title='bbox 1895 3134 1980 3193; x_wconf 89' lang='lat' dir='ltr'><strong>vel</strong></span> <span class='ocrx_word' id='word_1_154' title='bbox 1997 3134 2350 3211; x_wconf 83' lang='lat' dir='ltr'><strong>impugnan-</strong></span> 
     </span>
     <span class='ocr_line' id='line_1_21' title="bbox 235 3217 2351 3300; baseline 0 -24"><span class='ocrx_word' id='word_1_155' title='bbox 235 3217 443 3277; x_wconf 90' lang='lat' dir='ltr'><strong>darum</strong></span> <span class='ocrx_word' id='word_1_156' title='bbox 476 3219 706 3279; x_wconf 89' lang='lat' dir='ltr'><strong>occasio</strong></span> <span class='ocrx_word' id='word_1_157' title='bbox 739 3219 919 3280; x_wconf 89' lang='lat' dir='ltr'><strong>libros</strong></span> <span class='ocrx_word' id='word_1_158' title='bbox 951 3221 1075 3282; x_wconf 87' lang='lat' dir='ltr'><strong>eius</strong></span> <span class='ocrx_word' id='word_1_159' title='bbox 1105 3220 1527 3300; x_wconf 84' lang='lat' dir='ltr'><strong>usurpantibus</strong></span> <span class='ocrx_word' id='word_1_160' title='bbox 1561 3221 1858 3279; x_wconf 81' lang='lat' dir='ltr'><strong>offeratur.</strong></span> <span class='ocrx_word' id='word_1_161' title='bbox 1913 3218 2114 3297; x_wconf 92' lang='lat' dir='ltr'><strong>Neque</strong></span> <span class='ocrx_word' id='word_1_162' title='bbox 2138 3219 2351 3279; x_wconf 91' lang='lat' dir='ltr'><strong>duum-</strong></span> 
     </span>
     <span class='ocr_line' id='line_1_22' title="bbox 234 3300 2355 3381; baseline 0.001 -21"><span class='ocrx_word' id='word_1_163' title='bbox 234 3300 340 3361; x_wconf 87' lang='lat' dir='ltr'><strong>viri</strong></span> <span class='ocrx_word' id='word_1_164' title='bbox 371 3300 449 3362; x_wconf 91' lang='lat' dir='ltr'><strong>illi</strong></span> <span class='ocrx_word' id='word_1_165' title='bbox 479 3322 630 3381; x_wconf 90' lang='lat' dir='ltr'><strong>quos</strong></span> <span class='ocrx_word' id='word_1_166' title='bbox 661 3305 975 3378; x_wconf 85' lang='lat' dir='ltr'><strong>nominavi,</strong></span> <span class='ocrx_word' id='word_1_167' title='bbox 1007 3306 1277 3366; x_wconf 88' lang='lat' dir='ltr'><strong>homines</strong></span> <span class='ocrx_word' id='word_1_168' title='bbox 1309 3304 1658 3375; x_wconf 89' lang='lat' dir='ltr'><strong>doctissimi,</strong></span> <span class='ocrx_word' id='word_1_169' title='bbox 1689 3303 2164 3364; x_wconf 58' lang='lat' dir='ltr'><strong>rem’confectam</strong></span> <span class='ocrx_word' id='word_1_170' title='bbox 2196 3301 2355 3364; x_wconf 88' lang='lat' dir='ltr'><strong>arbi-</strong></span> 
     </span>
     <span class='ocr_line' id='line_1_23' title="bbox 233 3387 2353 3469; baseline 0.001 -24"><span class='ocrx_word' id='word_1_171' title='bbox 233 3393 495 3460; x_wconf 89' lang='lat' dir='ltr'><strong>trantur‚</strong></span> <span class='ocrx_word' id='word_1_172' title='bbox 535 3406 888 3468; x_wconf 91' lang='lat' dir='ltr'><strong>quamquam</strong></span> <span class='ocrx_word' id='word_1_173' title='bbox 931 3391 1128 3451; x_wconf 91' lang='lat' dir='ltr'><strong>decem</strong></span> <span class='ocrx_word' id='word_1_174' title='bbox 1163 3389 1412 3469; x_wconf 87' lang='lat' dir='ltr'><strong>amplius</strong></span> <span class='ocrx_word' id='word_1_175' title='bbox 1446 3407 1634 3451; x_wconf 91' lang='lat' dir='ltr'><strong>annos</strong></span> <span class='ocrx_word' id='word_1_176' title='bbox 1666 3389 1726 3448; x_wconf 92' lang='lat' dir='ltr'><strong>in</strong></span> <span class='ocrx_word' id='word_1_177' title='bbox 1758 3387 2011 3448; x_wconf 88' lang='lat' dir='ltr'><strong>editione</strong></span> <span class='ocrx_word' id='word_1_178' title='bbox 2041 3405 2145 3449; x_wconf 87' lang='lat' dir='ltr'><strong>sua</strong></span> <span class='ocrx_word' id='word_1_179' title='bbox 2178 3406 2353 3466; x_wconf 88' lang='lat' dir='ltr'><strong>prae-</strong></span> 
     </span>
     <span class='ocr_line' id='line_1_24' title="bbox 234 3472 2355 3554; baseline 0.001 -24"><span class='ocrx_word' id='word_1_180' title='bbox 234 3472 498 3548; x_wconf 85' lang='lat' dir='ltr'><strong>paranda</strong></span> <span class='ocrx_word' id='word_1_181' title='bbox 530 3492 594 3532; x_wconf 93' lang='lat' dir='ltr'><strong>se</strong></span> <span class='ocrx_word' id='word_1_182' title='bbox 625 3481 943 3552; x_wconf 90' lang='lat' dir='ltr'><strong>occupatos</strong></span> <span class='ocrx_word' id='word_1_183' title='bbox 973 3475 1158 3536; x_wconf 90' lang='lat' dir='ltr'><strong>fuisse</strong></span> <span class='ocrx_word' id='word_1_184' title='bbox 1189 3476 1444 3554; x_wconf 87' lang='lat' dir='ltr'><strong>professi</strong></span> <span class='ocrx_word' id='word_1_185' title='bbox 1469 3481 1624 3545; x_wconf 77' lang='lat' dir='ltr'><strong>sunt3</strong></span> <span class='ocrx_word' id='word_1_186' title='bbox 1656 3473 1794 3552; x_wconf 91' lang='lat' dir='ltr'><strong>quin</strong></span> <span class='ocrx_word' id='word_1_187' title='bbox 1817 3473 2066 3550; x_wconf 84' lang='lat' dir='ltr'><strong>ingenue</strong></span> <span class='ocrx_word' id='word_1_188' title='bbox 2092 3473 2264 3533; x_wconf 90' lang='lat' dir='ltr'><strong>etiam</strong></span> <span class='ocrx_word' id='word_1_189' title='bbox 2297 3479 2355 3532; x_wconf 88' lang='lat' dir='ltr'><strong>et</strong></span> 
     </span>
     <span class='ocr_line' id='line_1_25' title="bbox 237 3556 2351 3638; baseline 0.001 -24"><span class='ocrx_word' id='word_1_190' title='bbox 237 3556 579 3618; x_wconf 89' lang='lat' dir='ltr'><strong>censoribus</strong></span> <span class='ocrx_word' id='word_1_191' title='bbox 624 3557 736 3618; x_wconf 89' lang='lat' dir='ltr'><strong>illis</strong></span> <span class='ocrx_word' id='word_1_192' title='bbox 782 3559 994 3636; x_wconf 85' lang='lat' dir='ltr'><strong>gratias</strong></span> <span class='ocrx_word' id='word_1_193' title='bbox 1038 3568 1281 3638; x_wconf 85' lang='lat' dir='ltr'><strong>egerunt</strong></span> <span class='ocrx_word' id='word_1_194' title='bbox 1318 3567 1376 3621; x_wconf 91' lang='lat' dir='ltr'><strong>et</strong></span> <span class='ocrx_word' id='word_1_195' title='bbox 1417 3561 1469 3620; x_wconf 91' lang='lat' dir='ltr'><strong>si</strong></span> <span class='ocrx_word' id='word_1_196' title='bbox 1512 3559 1641 3638; x_wconf 91' lang='lat' dir='ltr'><strong>quis</strong></span> <span class='ocrx_word' id='word_1_197' title='bbox 1683 3558 1828 3619; x_wconf 90' lang='lat' dir='ltr'><strong>alius</strong></span> <span class='ocrx_word' id='word_1_198' title='bbox 1872 3559 1944 3617; x_wconf 91' lang='lat' dir='ltr'><strong>ad</strong></span> <span class='ocrx_word' id='word_1_199' title='bbox 1999 3557 2351 3636; x_wconf 84' lang='lat' dir='ltr'><strong>scriptorem</strong></span> 
     </span>
     <span class='ocr_line' id='line_1_26' title="bbox 238 3642 2350 3725; baseline 0.001 -27"><span class='ocrx_word' id='word_1_200' title='bbox 238 3658 411 3700; x_wconf 90' lang='lat' dir='ltr'><strong>suum</strong></span> <span class='ocrx_word' id='word_1_201' title='bbox 440 3642 527 3702; x_wconf 86' lang='lat' dir='ltr'><strong>vel</strong></span> <span class='ocrx_word' id='word_1_202' title='bbox 559 3643 986 3705; x_wconf 88' lang='lat' dir='ltr'><strong>emendandum</strong></span> <span class='ocrx_word' id='word_1_203' title='bbox 1017 3646 1104 3705; x_wconf 86' lang='lat' dir='ltr'><strong>vel</strong></span> <span class='ocrx_word' id='word_1_204' title='bbox 1135 3645 1538 3725; x_wconf 86' lang='lat' dir='ltr'><strong>explicandum</strong></span> <span class='ocrx_word' id='word_1_205' title='bbox 1576 3644 1635 3704; x_wconf 90' lang='lat' dir='ltr'><strong>in</strong></span> <span class='ocrx_word' id='word_1_206' title='bbox 1672 3650 1910 3721; x_wconf 90' lang='lat' dir='ltr'><strong>promtu</strong></span> <span class='ocrx_word' id='word_1_207' title='bbox 1933 3642 2070 3721; x_wconf 91' lang='lat' dir='ltr'><strong>quid</strong></span> <span class='ocrx_word' id='word_1_208' title='bbox 2095 3642 2350 3713; x_wconf 88' lang='lat' dir='ltr'><strong>haberet,</strong></span> 
     </span>
     <span class='ocr_line' id='line_1_27' title="bbox 237 3724 2347 3809; baseline 0 -25"><span class='ocrx_word' id='word_1_209' title='bbox 237 3731 302 3784; x_wconf 88' lang='lat' dir='ltr'><strong>ut</strong></span> <span class='ocrx_word' id='word_1_210' title='bbox 345 3724 459 3786; x_wconf 89' lang='lat' dir='ltr'><strong>hoc</strong></span> <span class='ocrx_word' id='word_1_211' title='bbox 504 3727 565 3786; x_wconf 90' lang='lat' dir='ltr'><strong>in</strong></span> <span class='ocrx_word' id='word_1_212' title='bbox 599 3727 856 3789; x_wconf 91' lang='lat' dir='ltr'><strong>medium</strong></span> <span class='ocrx_word' id='word_1_213' title='bbox 887 3730 1181 3807; x_wconf 86' lang='lat' dir='ltr'><strong>proferret</strong></span> <span class='ocrx_word' id='word_1_214' title='bbox 1209 3737 1575 3809; x_wconf 85' lang='lat' dir='ltr'><strong>rogaverunt,</strong></span> <span class='ocrx_word' id='word_1_215' title='bbox 1605 3728 1728 3789; x_wconf 88' lang='lat' dir='ltr'><strong>Vol.</strong></span> <span class='ocrx_word' id='word_1_216' title='bbox 1762 3727 1857 3800; x_wconf 85' lang='grc' dir='ltr'>ΙΙΙ,</span> <span class='ocrx_word' id='word_1_217' title='bbox 1888 3727 2070 3805; x_wconf 84' lang='lat' dir='ltr'><strong>praef.</strong></span> <span class='ocrx_word' id='word_1_218' title='bbox 2136 3725 2347 3787; x_wconf 85' lang='lat' dir='ltr'><strong>Vellem</strong></span> 
     </span>
     <span class='ocr_line' id='line_1_28' title="bbox 236 3809 2351 3893; baseline 0 -25"><span class='ocrx_word' id='word_1_219' title='bbox 236 3809 504 3886; x_wconf 83' lang='lat' dir='ltr'><strong>equidem</strong></span> <span class='ocrx_word' id='word_1_220' title='bbox 528 3813 692 3889; x_wconf 89' lang='lat' dir='ltr'><strong>plura</strong></span> <span class='ocrx_word' id='word_1_221' title='bbox 717 3812 991 3873; x_wconf 91' lang='lat' dir='ltr'><strong>haberem</strong></span> <span class='ocrx_word' id='word_1_222' title='bbox 1014 3833 1162 3893; x_wconf 89' lang='lat' dir='ltr'><strong>quae</strong></span> <span class='ocrx_word' id='word_1_223' title='bbox 1183 3815 1393 3877; x_wconf 84' lang='lat' dir='ltr'><strong>talibus</strong></span> <span class='ocrx_word' id='word_1_224' title='bbox 1415 3815 1551 3875; x_wconf 87' lang='lat' dir='ltr'><strong>viris</strong></span> <span class='ocrx_word' id='word_1_225' title='bbox 1577 3816 1785 3874; x_wconf 81' lang='lat' dir='ltr'><strong>offerre</strong></span> <span class='ocrx_word' id='word_1_226' title='bbox 1807 3830 2066 3891; x_wconf 87' lang='lat' dir='ltr'><strong>possem.</strong></span> <span class='ocrx_word' id='word_1_227' title='bbox 2110 3809 2351 3870; x_wconf 89' lang='lat' dir='ltr'><strong>Interim</strong></span> 
     </span>
     <span class='ocr_line' id='line_1_29' title="bbox 238 3894 2412 3979; baseline 0.002 -27"><span class='ocrx_word' id='word_1_228' title='bbox 238 3894 408 3954; x_wconf 91' lang='lat' dir='ltr'><strong>etiam</strong></span> <span class='ocrx_word' id='word_1_229' title='bbox 454 3915 635 3974; x_wconf 90' lang='lat' dir='ltr'><strong>pauca</strong></span> <span class='ocrx_word' id='word_1_230' title='bbox 671 3898 791 3972; x_wconf 87' lang='lat' dir='ltr'><strong>illa,</strong></span> <span class='ocrx_word' id='word_1_231' title='bbox 836 3917 983 3977; x_wconf 90' lang='lat' dir='ltr'><strong>quae</strong></span> <span class='ocrx_word' id='word_1_232' title='bbox 1012 3900 1125 3959; x_wconf 90' lang='lat' dir='ltr'><strong>iam</strong></span> <span class='ocrx_word' id='word_1_233' title='bbox 1156 3896 1440 3973; x_wconf 86' lang='lat' dir='ltr'><strong>enotabo,</strong></span> <span class='ocrx_word' id='word_1_234' title='bbox 1480 3908 1709 3979; x_wconf 84' lang='lat' dir='ltr'><strong>accepta</strong></span> <span class='ocrx_word' id='word_1_235' title='bbox 1738 3898 1867 3957; x_wconf 88' lang='lat' dir='ltr'><strong>fore</strong></span> <span class='ocrx_word' id='word_1_236' title='bbox 1896 3896 2160 3967; x_wconf 77' lang='lat' dir='ltr'><strong>confid03</strong></span> <span class='ocrx_word' id='word_1_237' title='bbox 2200 3895 2352 3954; x_wconf 86' lang='lat' dir='ltr'><strong>sicut</strong></span> <span class='ocrx_word' id='word_1_238' title='bbox 2383 3919 2412 3957; x_wconf 85' lang='lat'>4</span> 
     </span>
     <span class='ocr_line' id='line_1_30' title="bbox 238 3977 2349 4058; baseline 0 -20"><span class='ocrx_word' id='word_1_239' title='bbox 238 3978 429 4039; x_wconf 92' lang='lat' dir='ltr'><strong>solent</strong></span> <span class='ocrx_word' id='word_1_240' title='bbox 474 3981 573 4058; x_wconf 88' lang='lat' dir='ltr'><strong>qui</strong></span> <span class='ocrx_word' id='word_1_241' title='bbox 617 3981 701 4042; x_wconf 89' lang='lat' dir='ltr'><strong>rei</strong></span> <span class='ocrx_word' id='word_1_242' title='bbox 740 3982 979 4044; x_wconf 91' lang='lat' dir='ltr'><strong>alicuius</strong></span> <span class='ocrx_word' id='word_1_243' title='bbox 1019 3984 1406 4046; x_wconf 90' lang='lat' dir='ltr'><strong>studiosiores</strong></span> <span class='ocrx_word' id='word_1_244' title='bbox 1439 3992 1580 4045; x_wconf 88' lang='lat' dir='ltr'><strong>sunt</strong></span> <span class='ocrx_word' id='word_1_245' title='bbox 1607 3985 1779 4046; x_wconf 88' lang='lat' dir='ltr'><strong>etiam</strong></span> <span class='ocrx_word' id='word_1_246' title='bbox 1812 3977 2253 4053; x_wconf 81' lang='lat' dir='ltr'><strong>minutioribus,</strong></span> <span class='ocrx_word' id='word_1_247' title='bbox 2299 3978 2349 4039; x_wconf 91' lang='lat' dir='ltr'><strong>si</strong></span> 
     </span>
    </p>
   </div>
   <div class='ocr_carea' id='block_1_6' title="bbox 234 4064 1945 4219">
    <p class='ocr_par' dir='ltr' id='par_1_6' title="bbox 234 4064 1945 4219">
     <span class='ocr_line' id='line_1_31' title="bbox 234 4064 1702 4144; baseline 0.005 -23"><span class='ocrx_word' id='word_1_248' title='bbox 234 4064 416 4123; x_wconf 80' lang='lat' dir='ltr'><strong>modo</strong></span> <span class='ocrx_word' id='word_1_249' title='bbox 440 4065 629 4144; x_wconf 91' lang='lat' dir='ltr'><strong>aliqua</strong></span> <span class='ocrx_word' id='word_1_250' title='bbox 658 4067 720 4126; x_wconf 91' lang='lat' dir='ltr'><strong>in</strong></span> <span class='ocrx_word' id='word_1_251' title='bbox 749 4067 819 4127; x_wconf 87' lang='lat' dir='ltr'><strong>iis</strong></span> <span class='ocrx_word' id='word_1_252' title='bbox 851 4068 1005 4128; x_wconf 89' lang='lat' dir='ltr'><strong>inest</strong></span> <span class='ocrx_word' id='word_1_253' title='bbox 1033 4069 1264 4142; x_wconf 88' lang='lat' dir='ltr'><strong>utilitas,</strong></span> <span class='ocrx_word' id='word_1_254' title='bbox 1291 4070 1572 4130; x_wconf 88' lang='lat' dir='ltr'><strong>benevole</strong></span> <span class='ocrx_word' id='word_1_255' title='bbox 1601 4069 1702 4129; x_wconf 90' lang='lat' dir='ltr'><strong>uti.</strong></span> 
     </span>
     <span class='ocr_line' id='line_1_32' title="bbox 320 4161 1945 4219; baseline 0.009 -18"><span class='ocrx_word' id='word_1_256' title='bbox 320 4161 542 4203; x_wconf 81' lang='lat' dir='ltr'><strong>Preller</strong></span> <span class='ocrx_word' id='word_1_257' title='bbox 560 4191 570 4210; x_wconf 87' lang='lat'>‚</span> <span class='ocrx_word' id='word_1_258' title='bbox 589 4177 771 4219; x_wconf 83' lang='lat' dir='ltr'><strong>ausgew.</strong></span> <span class='ocrx_word' id='word_1_259' title='bbox 806 4166 1019 4209; x_wconf 59' lang='lat' dir='ltr'><strong>Aufsatze.</strong></span> <span class='ocrx_word' id='word_1_260' title='bbox 1915 4165 1945 4215; x_wconf 86' lang='lat'>8</span> 
     </span>
    </p>
   </div>
  </div>
 </body>
</html>
