2867 4717
986 447 1068 497 De
1106 446 1404 514 Aeschyli
1440 446 1678 498 Persis.
2320 446 2380 498 17

259 612 561 694 portentis
583 619 643 674 et
664 609 914 674 oraculis
936 610 1359 695 frequentibus,
1380 613 1444 676 in
1463 613 1733 678 universa
1758 613 2011 695 denique
2033 612 2384 678 divinatione

264 694 433 761 c'erni
462 704 719 780 possunt
734 699 761 738 5
778 700 853 774 1).

439 784 568 846 Jam
601 803 739 845 vero
768 783 1087 859 videamus,
1118 784 1420 865 quomodo
1452 786 1594 847 haec
1619 780 1833 847 Noster
1873 785 1934 846 in
1963 783 2164 846 Persis
2191 784 2384 846 fabula

261 870 641 950 expresserit.
692 869 1071 932 Revertamur
1099 871 1171 932 ad
1197 870 1504 933 Phineum.
1561 869 1648 931 Ibi
1680 888 1788 949 ego
1819 872 1963 933 haec
1990 870 2112 931 fere
2134 869 2383 932 oraculis

259 955 376 1017 illis
405 955 727 1018 identidem
758 956 1097 1018 memoratis
1128 957 1507 1036 pronuntiata
1541 955 1728 1017 fuisse
1771 955 2145 1018 crediderim:
2186 954 2270 1016 Ita
2310 956 2382 1017 ab

258 1041 397 1121 ipsa
419 1042 637 1103 Natura
656 1041 681 1081 ⁵
698 1042 756 1117 2)
779 1040 927 1103 facta
950 1049 1041 1103 est
1063 1042 1244 1102 Terra
1262 1042 1288 1082 ⁵
1305 1043 1381 1118 ³),
1409 1049 1477 1102 ut
1498 1060 1562 1103 ea
1584 1041 1646 1102 in
1670 1041 1813 1103 duas
1838 1041 2201 1102 continentes
2219 1041 2246 1082 ⁶
2263 1041 2290 1081 ⁸
2304 1035 2381 1118 ¹³),

261 1126 480 1206 quibus
511 1127 683 1189 Asiae
714 1132 885 1206 atque
912 1126 1182 1206 Europae
1202 1126 1441 1189 nomina
1471 1127 1542 1188 ab
1571 1127 1908 1189 hominibus
1941 1127 2072 1188 data
2102 1132 2259 1198 sunt,
2292 1126 2383 1188 di-

260 1212 631 1290 labatur⁵4)‚
661 1212 1039 1291 Hellesponto
1071 1219 1346 1291 tanquam
1381 1232 1548 1275 sacro
1582 1213 1834 1292 quodam
1866 1211 2122 1274 confinio
2153 1211 2382 1291 disiun-

261 1304 386 1359 ctas
407 1299 434 1340 5
452 1299 532 1374 5).
590 1297 812 1358 Diversi
862 1316 968 1378 per
1018 1305 1322 1378 utramque
1376 1298 1513 1359 olim
1566 1298 1770 1378 populi
1813 1297 2179 1359 disseminati
2224 1305 2383 1372 sunt,

262 1400 520 1462 quorum
573 1402 678 1443 sua
737 1381 984 1462 quisque
1031 1384 1257 1445 climata
1308 1384 1583 1456 sortitus,
1636 1403 1701 1444 ea
1739 1390 2021 1463 tanquam
2080 1389 2383 1445 aeternum

261 1468 564 1547 quoddam
588 1467 935 1541 dominium,
967 1469 1221 1530 humana
1245 1474 1302 1529 et
1324 1468 1516 1530 divina
1540 1468 1665 1546 lege
1688 1487 1940 1541 sacrum,
1962 1474 2140 1530 tenet.
2179 1468 2378 1547 Igitur,

261 1554 548 1633 quoniam
579 1572 643 1615 ea
672 1552 750 1613 ita
781 1552 851 1613 ab
892 1554 1018 1634 ipsa
1042 1553 1260 1615 Natura
1290 1553 1443 1615 facta
1484 1561 1654 1633 atque
1693 1554 2000 1616 distributa
2039 1559 2198 1627 sunt,
2235 1553 2378 1615 illud

259 1638 352 1700 fas
382 1647 533 1714 esto,
565 1646 623 1701 et
651 1637 751 1716 qui
779 1638 932 1700 hanc
959 1638 1146 1717 legem
1180 1638 1530 1718 migraverit,
1558 1639 1649 1700 ille
1678 1657 1843 1701 sacer
1870 1647 1998 1700 esto
2018 1639 2044 1680 ⁶
2061 1639 2141 1715 6).

403 1806 487 1870 51)
512 1805 586 1856 De
621 1813 761 1857 arcto
805 1807 963 1858 totius
1006 1808 1328 1858 divinationis
1369 1824 1479 1859 cum
1514 1806 1619 1859 fato
1663 1823 1890 1859 connexu
1937 1808 2202 1874 plurimum
2244 1808 2378 1859 inter

261 1872 496 1925 Graecos
532 1875 892 1940 disputabatur,
934 1875 1024 1926 abs
1067 1892 1162 1940 quo
1200 1876 1357 1927 Stoici
1391 1875 1494 1941 τὴν
1519 1877 1877 1994 εῐέιαρμένην,
1911 1876 2218 1926 Heraclitum
2251 1877 2379 1926 utin

260 1942 405 2004 aliis,
441 1943 514 1992 ita
546 1943 623 1992 hic
656 1944 805 1993 etiam
829 1944 1005 2006 secuti,
1030 1944 1082 1995 iu
1108 1944 1214 2009 ipsa
1233 1945 1526 2010 systematis
1584 1952 1726 1995 ronte
1760 1950 2048 2010 posuerant.
2096 1943 2169 1993 De
2203 1942 2379 2009 quibus

258 2010 685 2074 contentionibus,
721 2011 944 2076 inprimis
981 2011 1381 2061 memorabilibus
1418 2013 1658 2062 nonnulla
1692 2019 1896 2062 exstant·
1929 2012 2059 2078 apud
2094 2010 2380 2062 Ciceronem

260 2078 326 2127 de
351 2078 454 2128 dlv.
480 2086 534 2129 et
552 2079 612 2128 de
634 2076 753 2144 fato,
777 2078 1112 2144 Plutarchum,
1142 2087 1194 2130 et
1211 2080 1553 2130 Alexandrum
1566 2080 1834 2145 Aphrodis.
1873 2080 2006 2151 περὶ
2026 2079 2378 2149 εἱμαρμένης.

399 2145 677 2264 {DUMulta
703 2162 830 2213 quae
857 2149 934 2198 hic
958 2148 1174 2199 attinent
1198 2149 1426 2198 invenies
1452 2150 1580 2214 apud
1605 2147 1779 2199 Hlaus.
1804 2149 1957 2199 theol.
1984 2162 2093 2213 cap.
2116 2146 2176 2198 Π.
2212 2148 2273 2198 de
2297 2163 2381 2199 re-

257 2230 361 2277 gno
448 2230 474 2264 e
518 2230 643 2265 uris.
1845 2267 1846 2270 ,

400 2282 484 2347 53)
507 2280 585 2336 Cf.
616 2281 782 2334 Prom.
818 2283 935 2334 835.
966 2283 1140 2353 μέλας
1171 2281 1380 2341 κόλπος
1405 2280 1570 2340 Ῥέας.
1613 2283 1724 2335 Prs.
1765 2283 1882 2334 792.
1919 2277 2055 2349 αὐτὴ
2090 2281 2201 2351 γὰρ
2235 2278 2267 2348 ἡ
2304 2284 2380 2348 Γῆ

258 2344 561 2420 ξύμμαχος
583 2354 789 2408 κείνοις
812 2353 968 2402 πέλει
992 2353 1084 2403 bac
1119 2353 1332 2403 maxime
1358 2353 1554 2403 ratione
1579 2353 1875 2402 enarranda.
1923 2351 1997 2402 Cf.
2024 2359 2127 2402 not.
2157 2353 2236 2400 75.

217 2478 221 2482 1
400 2418 517 2481 53h)
553 2418 760 2486 Libyam
797 2421 996 2470 tertiam
1032 2428 1224 2486 partem
1260 2421 1562 2471 continentis
1606 2421 1726 2470 dicit
1759 2419 2005 2470 Pindarus
2038 2416 2302 2486 Pyth.1x.
2332 2418 2380 2470 8.

260 2486 388 2556 ῥίζα
414 2483 656 2555 ἀπείρου
677 2489 851 2558 τρίτα.
887 2486 963 2538 Cf.
980 2487 1100 2539 Her.
1120 2487 1207 2540 lv.
1227 2488 1310 2539 42.
1332 2496 1385 2539 et
1402 2504 1529 2553 quae
1550 2488 1713 2538 Boekh
1733 2488 1795 2538 ad
1819 2489 1959 2538 illum
1980 2487 2140 2538 locum
2159 2487 2382 2537 animad-

259 2556 439 2606 vertit.

401 2622 487 2687 54)
516 2622 588 2673 De
624 2624 841 2690 mythica
866 2622 1017 2675 Asiae
1037 2631 1091 2674 et
1107 2624 1337 2690 Europae
1358 2641 1423 2676 ex
1444 2624 1645 2675 Oceano
1664 2624 2031 2691 procreatione,
2058 2638 2202 2690 quam
2222 2624 2380 2674 Scho-

261 2691 462 2756 liastes,
510 2692 708 2757 priores
750 2689 983 2742 fortassis
1018 2694 1186 2743 nescio
1221 2708 1344 2759 quos
1380 2700 1599 2758 secutus,
1633 2709 1698 2743 ex
1732 2709 1886 2742 versu
1911 2692 2010 2741 -185
2046 2692 2295 2755 enucleat,
2331 2708 2379 2741 v.

263 2765 370 2808 not.
399 2758 482 2808 31.
531 2759 772 2825 Equidem
799 2760 845 2810 ei
868 2761 1138 2826 assentior,
1162 2777 1272 2811 nam
1292 2761 1512 2811 etsi'non
1540 2761 1729 2811 diserte
1753 2761 1889 2810 hisce
1913 2758 2121 2811 vocibus
2153 2759 2239 2809 ille
2266 2775 2380 2809 sen-

262 2841 351 2876 sns
377 2827 515 2887 insit,
550 2834 712 2877 tamen
738 2834 891 2892 tecte,
925 2836 978 2879 et
1001 2829 1089 2892 ita,
1123 2836 1180 2878 ut
1212 2829 1314 2879 tale
1349 2830 1466 2895 quid
1499 2829 1548 2878 in
1580 2835 1745 2879 mente
1788 2828 2049 2877 habentem
2075 2827 2377 2892 Aeschylum

263 2909 352 2944 eas
379 2895 647 2960 scripsisse
683 2896 892 2946 dixeris.

402 2963 484 3025 55)
511 2957 541 3013 ὁ
569 2960 717 3030 ἱερὸς
735 2959 1134 3030 Ἑλλήςποντος
1158 2964 1274 3015 745.
1321 2962 1582 3015 Fortassis
1608 2964 1756 3015 etiam
1781 2964 1951 3014 Helles
1978 2961 2097 3023 sata,
2122 2979 2213 3030 per
2238 2978 2378 3029 quam

263 3029 388 3079 illud
431 3028 585 3080 fatum
629 3047 826 3081 sacrum
860 3033 1159 3097 exstiterat,
1194 3032 1379 3083 Phineo
1413 3033 1817 3083 immiscebantur
1851 3060 1917 3069 —
1942 3031 2050 3082 Prs.
2078 3032 2194 3082 798.
2232 3028 2261 3081 ὁ
2287 3031 2381 3095 τῆς

273 3093 888 3165 ἈθαμαντίδοςἝλλης
911 3106 1069 3172 πορθ
1119 3097 1180 3156 ὸς
1204 3108 1255 3150 et
1280 3103 1494 3167 saepius.

404 3166 487 3230 56)
514 3164 757 3218 Klausen.
783 3184 830 3233 p.
862 3168 973 3219 181.
1022 3118 1486 3234 „gimmieissimum
1510 3169 1626 3232 erit,
1658 3168 1754 3217 hoc
1777 3174 2016 3232 statuere,
2048 3167 2125 3216 his
2163 3166 2378 3217 oraculis

262 3236 633 3299 pronuntiatam
661 3251 776 3286 esse
801 3238 955 3302 ipsam
981 3236 1117 3286 illam
1140 3244 1310 3286 terrae
1334 3238 1584 3301 marisque
1609 3235 2026 3298 distributionem,
2045 3241 2102 3285 ut
2125 3234 2245 3285 Asia
2270 3250 2379 3284 cnm

262 3300 512 3353 bellorum
539 3305 858 3353 terrestrium
883 3304 1043 3368 gloria
1068 3304 1257 3368 Persis,
1282 3319 1416 3354 mare
1444 3303 1654 3354 Graecis
1673 3304 1982 3366 assignatum
2008 3303 2129 3353 sit.“
2186 3303 2257 3353 Ea
2285 3319 2378 3366 ego

263 3372 2378 3505 33:¹3⁰&mma3¹3⁰tssh⁰t1³32¹20¹¹⁰32³‘Esus‘132‡{3⁸‘125,¹3;.¹2¹⁸1³›‡¹3m20.¹÷321;

1790 3475 1803 3498 1

264 3506 479 3571 denique
505 3522 679 3573 aquae,
704 3477 891 3572 terrae,
924 3508 1061 3557 aiiris
1103 3515 1157 3558 et
1190 3509 1318 3571 ignis
1342 3509 1503 3559 veluti
1530 3477 1729 3557 vicariis
1757 3507 1898 3555 nimis
1924 3475 2103 3568 argute
2127 3522 2187 3557 ac
2220 3521 2376 3573 paene

254 3573 438 3637 jocose
462 3575 800 3625 disseruntur:
828 3576 974 3626 etiam
999 3591 1136 3625 mare
1161 3585 1215 3626 et
1240 3583 1425 3626 terram
1450 3575 1623 3626 Persis
1648 3581 1701 3625 et
1726 3575 1936 3625 Graecis
1954 3575 2259 3638 assignatam
2283 3575 2376 3626 sibi

261 3642 489 3693 voluisse
525 3644 844 3710 Aeschylum,
888 3645 979 3694 hoc
1012 3659 1170 3709 neque
1205 3644 1417 3707 singulis
1454 3643 1596 3705 locis,
1631 3658 1754 3707 quos
1788 3643 1970 3707 promit
1996 3640 2188 3706 filaus„
2216 3658 2276 3692 ne
2313 3658 2375 3692 ue

265 3710 415 3759 etiam
442 3712 680 3764 universa
704 3709 901 3761 fabulae
926 3712 1090 3761 indole
1109 3712 1253 3776 prodi
1277 3713 1494 3762 videtur.
1520 3738 1590 3748 —-
1613 3710 1686 3760 De
1713 3711 1823 3760 loco
1847 3710 2129 3760 lot—107.
2153 3727 2202 3762 v.
2228 3711 2277 3759 in
2302 3726 2374 3760 ra.

264 3777 505 3828 Ceterum
529 3778 778 3842 adjunctis
803 3794 929 3844 quae
953 3795 980 3829 a
1006 3795 1159 3829 versu
1190 3778 1284 3829 108
1310 3796 1384 3844 sq.
1410 3780 1658 3840 dicuntur,
1685 3794 1840 3844 eaque
1865 3779 2146 3828 arctissime
2167 3793 2274 3827 cum
2294 3778 2375 3838 iis,

262 3860 390 3909 quae
424 3847 746 3910 antecedunt,
792 3846 1052 3911 conjuncta
1087 3845 1309 3915 ἔμαθον
1343 3843 1746 3919 ὃέὐρυπόροιο
1780 3841 2071 3910 θαλάσσης
2102 3854 2218 3904 etc.‚
2253 3845 2376 3894 illud

262 3928 572 3980 nequaqnam
607 3914 686 3963 hic
718 3915 907 3965 dixisse
943 3915 1183 3967 Nostrum
1216 3922 1372 3981 patet,
1406 3915 1577 3965 Persis
1611 3922 1908 3966 terrestrem
1942 3921 2132 3964 tantum
2165 3913 2375 3974 gloriam

262 3981 503 4032 divinitus
528 3982 766 4032 tributam
792 3998 924 4038 esse.
958 3983 1182 4050 Apparet
1204 3990 1385 4046 autem,
1408 3998 1550 4049 qnam
1577 3984 1834 4049 sapienter
1849 3980 2131 4047 Aeschylus
2154 3981 2278 4031 talia
2301 3978 2377 4031 fa-

261 4048 396 4100 bulis
421 4050 528 4100 suis
554 4051 920 4114 immiscuisset,
956 4052 997 4100 si
1034 4052 1400 4114 immiscuisset,
1438 4053 1618 4117 quippe
1655 4051 2073 4116 sapientissimum
2107 4048 2239 4115 illud,
2277 4064 2373 4114 qno

261 4118 495 4171 Athenae
519 4118 854 4169 servabantur
874 4126 1024 4186 atque
1048 4120 1111 4169 ad
1136 4135 1370 4171 summam
1395 4116 1564 4169 futuro
1599 4126 1822 4184 tempore
1856 4117 2065 4181 gloriam
2097 4117 2377 4167 eveheban-

316 4200 556 4252 Preller,
585 4214 768 4258 ausgew.
800 4202 1019 4248 Aufsfltze.
1945 4201 1976 4251 2

2409 1062 2463 1103 35
