2867 4717
979 428 1237 483 Lesbio
1273 428 1633 483 historico.
2291 431 2362 486 59

221 593 448 649 ornatu
471 586 732 664 quodam
757 583 1035 658 inditum3
1062 583 1349 645 utrumvis
1379 602 1592 662 ponas,
1624 583 1729 645 alia
1760 584 1904 646 baec
1923 584 2223 647 successio
2252 593 2363 659 est,
2387 606 2444 648 u

221 673 413 735 credo
444 690 516 731 ex
546 687 758 748 genere
787 669 1229 748 Pelopidarum,
1274 687 1411 730 nam
1444 670 1689 730 Admeta
1718 678 1841 729 erat
1869 670 2184 731 novissima
2215 669 2361 732 Per-

223 758 516 819 sidarum.
577 753 877 815 Successit
914 755 1059 814 haec
1100 771 1246 831 gens
1276 772 1327 813 a.
1368 753 1558 824 1259,
1600 753 2108 832 sacerdotiumque
2148 755 2364 834 opinor

219 841 422 904 tenuit
449 858 640 918 usque
668 839 742 899 ad
770 839 1019 899 reditum
1045 837 1501 910 Heraclidarum‚
1532 845 1598 899 ut
1621 837 1793 899 etiam
1818 857 1904 910 ea,
1935 858 2082 917 quae
2109 840 2223 900 iam
2248 857 2361 900 no-

221 925 575 997 minabitur,
625 942 738 1003 qua
789 925 1095 984 sacerdote
1134 922 1373 984 Troiam
1424 930 1812 1003 expugnatam
1865 942 1999 984 esse
2047 924 2366 986 tradiderat

222 1010 588 1081 Hellanicus,
616 1027 686 1069 ex
718 1007 1056 1068 Phalidibus
1084 1007 1278 1068 fuerit.

401 1094 473 1195 6)
529 1092 870 1165 Callisto,
908 1112 959 1152 v.
1003 1092 1199 1152 Tzetz.
1240 1091 1552 1152 Posthom.
1590 1111 1643 1151 v.
1683 1092 1806 1152 770
1824 1109 1970 1192 sqq.
2017 1085 2361 1176 δωδεκάτη

221 1174 349 1365 {5⁷
375 1170 1251 1363 ἕνᾶἕὲῗὶξῗργΐλίῗῖνῗῗ
1276 1167 2366 1364 Ἑὲἶῗλέισῖλξβῖΐῖἓῇλὲἑῖξξ

225 1342 488 1422 αείδει,
540 1342 669 1406 Σύν
719 1343 818 1426 τῷ
871 1340 989 1406 καὶ
1032 1345 1312 1422 Δοῦρις,
1375 1336 1617 1427 Τροίην
1668 1336 1871 1406 sabee.»-
1916 1341 2362 1422 Παναχαιούς,

226 1432 327 1493 ubi
364 1431 522 1511 quod
556 1431 833 1490 sacerdos
864 1429 1072 1530 Argiva
1100 1430 1248 1490 facta
1280 1437 1372 1489 est
1400 1429 1791 1527 Atheniensis,
1825 1429 1977 1490 idem
2009 1431 2218 1491 accidit
2246 1431 2363 1492 He-

227 1517 441 1597 sychio
482 1534 533 1575 v.
569 1506 672 1575 ’Iol
714 1507 1219 1588 Καλλιθύεσσα,
1265 1504 1306 1596 ἦ
1353 1533 1610 1615 πρωτη
1634 1504 1848 1616 ιε’ρεια
1888 1516 2028 1613 τῆς
2050 1506 2361 1617 Ἀθηνᾶς,

224 1601 492 1662 fortasse
520 1598 695 1660 etiam
726 1597 787 1658 in
817 1618 869 1658 v.
892 1589 1409 1680 ίΥπῑιιρκαευστροι,
1458 1590 1498 1678 ἦ
1528 1594 1647 1681 τῆς
1673 1590 1966 1681 Αθηνᾶς
2008 1590 2219 1682 ιέρεια
2239 1602 2360 1675 Π>).

227 1686 315 1747 De
359 1685 612 1745 historia
650 1701 817 1744 aerae
846 1683 1132 1743 Troianae
1175 1691 1233 1744 et
1261 1702 1378 1762 quo
1420 1682 1513 1742 die
1543 1682 1779 1744 Troiam
1811 1693 2200 1763 expugnatam
2231 1703 2363 1746 esse

226 1769 554 1831 statuerint
581 1775 802 1828 veteres
831 1776 1100 1828 accurate
1129 1785 1320 1847 nuper
1350 1767 1628 1829 disseruit
1650 1768 1928 1830 Fischer
1913 1786 1973 1830 ιιι
1996 1769 2154 1830 tabb.
2181 1769 2362 1830 chro-

226 1855 376 1916 nolo
420 1900 436 1914 .
470 1852 571 1912 Gr.
645 1898 661 1912 .
699 1853 795 1911 17.

379 1872 478 2015 g7)
516 1945 578 1997 et
602 1871 680 2013 ¹³8)
729 1936 1049 2016 Cydippe
1086 1936 1174 1997 vel
1216 1935 1533 1996 Theano.
1604 1936 1703 1996 Sic
1737 1935 1979 1996 tradunt
2015 1935 2362 2013 appellatam

225 2024 422 2084 fuisse
451 2021 817 2082 sacerdotem
849 2021 1001 2080 illam
1033 2021 1105 2081 ab
1140 2021 1441 2081 Herodoto
1472 2019 1862 2091 nobilitatam,
1904 2019 2134 2080 Cleobis
2177 2027 2237 2080 et
2262 2019 2362 2080 Bi-

227 2107 394 2169 tonis
418 2114 685 2177 matrem,
710 2105 947 2183 plurimi
969 2104 1291 2185 Cydippen,
1326 2105 1537 2165 Suidas
1562 2104 1941 2166 Theanonem
1962 2106 1985 2144 ⁷
2004 2105 2084 2178 6).
2146 2103 2362 2165 Viden·

226 2200 330 2253 tur
368 2191 678 2252 inferiores
718 2190 1039 2268 scriptores
1082 2191 1250 2251 cuius
1288 2207 1509 2250 nomen
1546 2190 1775 2251 reticuit
1804 2189 2171 2260 Herodotus,
2209 2190 2262 2249 ei
2292 2208 2363 2250 ex

227 2276 500 2353 catalogo
526 2274 895 2336 sacerdotum
921 2274 1276 2354 quaesivisse
1298 2291 1538 2346 nomen,
1563 2293 1742 2353 eaque
1765 2274 1824 2334 in
1850 2292 1912 2335 re
1939 2274 2100 2335 alteri
2117 2274 2362 2334 alterum

227 2361 539 2422 excitasse.
601 2359 920 2438 Utramque
949 2359 1262 2420 verisimile
1290 2367 1382 2420 est
1408 2358 1562 2419 inter
1591 2358 1682 2420 Ol.
1716 2360 1795 2420 40
1829 2367 1887 2420 et
1915 2359 1996 2419 50
2029 2358 2361 2420 sacerdotio

229 2446 499 2506 functam
532 2462 2477 2504 esse..

410 2529 476 2604 9)
525 2527 945 2607 Chrysidem
975 2527 1244 2588 nominat
1269 2527 1528 2630 Thucyd.
1551 2526 1626 2600 11,
1656 2527 1696 2586 2
1727 2527 1799 2587 de
1827 2526 1994 2587 initio
2024 2526 2154 2588 belli
2187 2526 2360 2587 Pelo·

232 2613 612 2715 ponnesiaci‚
667 2612 826 2691 quod
879 2620 1074 2673 ortum
1128 2631 1258 2672 esse
1297 2612 1441 2673 dicit
1483 2605 1602 2673 ἐπὶ
1647 2603 1985 2713 Χρυσίδος
2026 2605 2096 2672 ἐν
2138 2603 2364 2691 ,Ἀργει

230 2693 392 2759 τότε
438 2691 840 2779 πεντήκοντα
886 2695 1066 2757 δυοῖν
1120 2691 1355 2757 δέοντα
1409 2689 1520 2778 ἔτη
1579 2688 1958 2777 ιερωμένης,
2015 2703 2080 2756 ut
2123 2695 2362 2773 Chrysis

233 2782 637 2844 sacerdotium
675 2782 870 2843 inierit
907 2780 996 2842 ΟΙ.
1031 2781 1137 2853 75,
1178 2782 1216 2841 2
1247 2782 1333 2841 vel
1366 2800 1416 2840 a.
1449 2782 1574 2842 479
1605 2800 1654 2840 a.
1688 2779 1820 2840 Chr.
1886 2780 2205 2840 Funestam
2243 2780 2364 2880 ³hoc

233 2866 632 2928 sacerdotium
664 2867 880 2927 exitum
910 2865 1132 2938 hahuit,
1162 2884 1216 2925 v.
1248 2865 1505 2945 Thucyd.
1537 2866 1628 2938 IV,
1665 2863 1784 2925 133
1814 2857 1884 2925 ἐν
1929 2857 2004 2925 δὲ
2042 2859 2140 2946 τῷ
2180 2854 2362 2946 αὐτῷ

236 3115 337 3153 σαι
360 3095 479 3151 ἀπὸ
503 3102 599 3167 τῆς
621 3098 759 3151 κατὰ
782 3097 1052 3152 παιδείαν
1076 3100 1290 3163 σκευῆς·
1320 3101 1378 3151 οἱ
1399 3095 1509 3172 γὰρ
1535 3096 1829 3170 φάλητες
1855 3101 1928 3160 (Τ)
1956 3094 2100 3149 οὕτω
2124 3098 2359 3149 καλοῦν-

234 3187 346 3220 ται.
421 3169 664 3219 Fortasse
700 3169 877 3233 capitis
911 3169 1111 3233 aliquod
1145 3169 1478 3218 indumentum
1516 3177 1653 3231 erat,
1694 3168 1998 3217 metallicum
2033 3181 2092 3214 ac
2129 3166 2361 3231 splende-

236 3253 414 3298 scens,
456 3238 602 3302 quale
628 3236 941 3298 significatur
962 3237 1169 3285 vocibus
1195 3231 1389 3302 φάλος,
1418 3237 1645 3305 φᾶλαρα
1670 3243 1785 3297 etc„
1810 3250 1858 3283 v.
1886 3234 2054 3284 Schol.
2080 3232 2136 3283 ll.
2161 3249 2208 3293 κ,
2233 3232 2361 3294 258;

235 3271 1994 3370 v‚132’;1³bi1em.p.1780sanu3cf.ssuttm.1.exii.11,p.’240sqq.
2031 3302 2364 3366 etquidocta

235 3374 659 3424 commentatione
684 3387 840 3437 eaque
858 3372 1187 3420 monumentis
1213 3373 1362 3421 etiam
1387 3373 1582 3437 priscae
1607 3341 1734 3421 ar’tis
1753 3371 2003 3419 illustrata
2030 3370 2279 3434 quaesivit
2302 3370 2363 3419 de

234 3442 381 3504 galea
411 3439 737 3502 Graecorum,
765 3439 843 3500 (ab
869 3435 1071 3499 Olenia)
1098 3439 1451 3489 observations
1486 3455 1576 3488 sur
1598 3454 1693 3488 une
1720 3446 1836 3487 note
1861 3439 1922 3486 de
1948 3433 2206 3500 l’ouvrage
2242 3437 2364 3487 inti-

234 3506 373 3559 tule.
419 3507 686 3558 Peintures
710 3510 771 3557 de
799 3507 962 3556 Vases
993 3506 1240 3570 antiques,
1277 3507 1481 3571 Petrop.
1521 3505 1667 3557 1818.
1691 3533 1760 3544 -—
1791 3505 2000 3556 Passov.
2033 3505 2081 3554 in
2109 3506 2212 3555 lex.
2242 3509 2361 3555 Φα-

236 3574 403 3633 λίδας
419 3576 583 3626 dictas
608 3583 783 3626 censet
805 3590 833 3623 a
861 3575 1160 3623 vestimento
1185 3575 1297 3624 albo
1325 3577 1389 3640 (φ
1393 3570 1559 3635 αλός).

378 3645 461 3704 75)
500 3642 575 3693 ef.
603 3643 830 3694 Dodwell
855 3643 917 3691 de
941 3642 1101 3708 cyclis
1126 3658 1172 3707 p.
1200 3641 1315 3691 8⁰9.
1355 3643 1561 3705 [Similis
1585 3640 1810 3691 confusio
1839 3636 2078 3704 Ἀθηνᾶς
2110 3647 2164 3690 et
2185 3634 2364 3706 ’Ἠρας

236 3712 368 3793 apud
403 3712 640 3792 Apollod.
680 3710 739 3775 ll,
778 3710 822 3772 1,
854 3711 904 3772 4,
936 3712 997 3759 de
1029 3725 1125 3774 qua
1157 3726 1206 3761 v.
1241 3710 1484 3776 Heyuium
1518 3726 1564 3775 p.
1599 3710 1686 3759 121
1726 3717 1779 3759 et
1804 3709 2056 3759 Polemon.
2090 3706 2237 3770 frgm.
2269 3708 2362 3758 Xl.

239 3774 451 3845 Ἀθηνᾶ
476 3787 530 3829 et
547 3776 705 3846 Κόρη
730 3776 1101 3828 confunduntur
1123 3779 1250 3841 apud
1276 3778 1413 3827 Suid.
1445 3796 1686 3846 προχαρι
1694 3771 1847 3841 στήρι
1855 3794 1906 3837 α,
1933 3778 2028 3826 vid.
2056 3777 2289 3825 Demeter
2312 3781 2366 3825 et

236 3848 480 3913 Perseph.
507 3864 555 3912 p.
586 3847 679 3896 124
706 3854 759 3896 et
783 3847 999 3896 Mueller
1030 3847 1100 3895 kl.
1121 3847 1357 3896 deutsche
1383 3844 1634 3896 Schriften
1660 3846 1724 3907 ll,
1752 3845 1877 3906 256,
1905 3852 2006 3894 not.
2034 3845 2114 3906 74]
2185 3843 2255 3891 De
2281 3844 2362 3892 die

238 3933 332 3982 quo
353 3915 511 3965 Troia
534 3922 820 3980 expugnata
840 3915 911 3962 sit
928 3911 990 3962 cf.
1014 3915 1195 3963 Aescb.
1222 3915 1393 3976 Agam.
1415 3928 1464 3963 v,
1479 3914 1577 3964 758
1596 3931 1640 3964 c.
1659 3921 1776 3964 nota
1795 3911 2056 3963 Klausenii
2080 3918 2133 3961 et
2150 3910 2361 3963 Boeckb.

238 3984 390 4051 Corp.
416 3983 576 4032 Inscr.
615 3981 727 4031 Vol.
754 3981 813 4043 ΙΙ,
838 3998 884 4047 p.
910 3980 1095 4048 328sq.

376 4051 463 4114 76)
501 4050 1193 4109 ef.Va1esl.c.;Baeh1-ad
1219 4048 1402 4100 Herod.
1426 4048 1465 4113 1,
1490 4048 1573 4100 31.
