2867 4717
1067 380 1562 449 Peripatetico.
2272 376 2378 432 103

260 540 536 618 magistro
576 535 1019 616 diligentissime
1045 536 1278 599 tractari
1307 537 1560 611 solebat,
1596 540 2033 619 litterarumque
2069 535 2379 600 historiam

261 632 316 688 et
351 622 792 702 grammaticam
828 621 1169 701 respiciunt.
1227 622 1358 695 Quo
1390 624 1643 702 pertinet
1670 626 1927 704 primum
1961 623 2119 703 quod
2151 640 2184 681 a
2213 620 2319 681 Dio

259 708 320 769 L.
341 708 445 782 111,
479 707 516 769 8
549 706 911 786 significatur
942 724 1126 785 epm,
1159 706 1439 785 dialogice
1474 708 1665 771 forma
1697 710 2091 771 elaboratum:
2125 698 2163 767 ὃ
2209 697 2268 765 δ’

259 787 637 876 φιλόσοφος
702 791 938 868 (Plato)
998 785 1116 852 καὶ
1172 781 1531 872 Ἰσοκράτει
1593 785 1790 879 φίλος
1847 781 1926 877 ἥν
1986 785 2104 853 καὶ
2165 779 2381 850 αὐτῶν

259 869 695 959 Πραξιφάνης
737 869 1109 957 συνέγραψε
1153 871 1507 959 διατριβήν
1547 898 1697 940 τινα
1738 871 1899 959 περὶ
1942 870 2240 959 ποιητῶν
2269 891 2379 954 γε*

259 955 519 1043 νομένην
561 952 629 1024 ἐν
674 950 857 1041 ἀγρῷ
899 954 1086 1041 παρὰ
1127 955 1445 1022 Πλάτωνι
1488 955 2014 1039 ἐπιξενωθέντος
2055 955 2175 1022 τοῦ
2212 951 2380 1021 Ἰσο-

262 1040 555 1128 κράτους,
612 1046 774 1124 quod
811 1051 969 1106 recte
1006 1043 1302 1106 Fabricius
1342 1045 1488 1107 Bibl.
1523 1047 1620 1108 Gr.
1663 1046 1788 1107 Vol.
1819 1047 1918 1119 ΙΙΙ,
1950 1066 2008 1125 p.
2040 1043 2164 1106 503
2194 1043 2378 1105 inter·-

261 1137 547 1208 pretatur:
590 1128 846 1208 Scripsit
874 1128 1182 1190 diatribam
1215 1130 1287 1190 de
1316 1130 1539 1208 poetis,
1581 1151 1693 1211 qua
1724 1131 2123 1209 colloquentes
2152 1127 2382 1190 induxit

257 1214 559 1278 Platonem
601 1213 809 1274 veteris
848 1213 1190 1275 Academiae
1229 1214 1555 1294 principem
1596 1223 1654 1276 et
1689 1216 2009 1276 Isocratem
2028 1217 2053 1255 2
2073 1218 2146 1289 1).
2218 1213 2380 1286 Quae

259 1299 478 1360 notatio
519 1297 722 1361 multis
760 1296 1104 1360 nominibus
1145 1298 1319 1376 digna
1358 1306 1452 1359 est
1488 1318 1636 1379 quae
1673 1300 2002 1377 diligentius
2043 1298 2380 1359 excutiatur.

259 1383 489 1444 Etenim
536 1382 796 1461 primum
840 1389 1073 1443 constat
1110 1382 1345 1461 quidem
1387 1383 1561 1444 etiam
1602 1384 1673 1445 ab
1702 1383 2013 1444 Aristotele
2051 1382 2382 1459 ceterisque

258 1466 654 1546 Peripateticis
680 1466 941 1544 dialogos
966 1466 1225 1544 scriptos
1245 1467 1451 1540 fuisse,
1482 1486 1670 1547 neque
1701 1469 1943 1529 dubium
1974 1474 2066 1528 est
2088 1466 2228 1545 quin
2253 1466 2377 1526 dia-

258 1551 420 1629 logus
445 1550 834 1629 Praxiphanis
858 1549 1269 1612 Aristoteleum
1293 1552 1504 1630 magis,
1531 1572 1708 1631 quem
1725 1552 1925 1613 Cicero
1949 1550 2087 1612 dicit
2105 1553 2130 1592 2
2147 1553 2224 1626 2),
2254 1551 2380 1611 dia·-

257 1634 527 1714 logorum
561 1635 1108 1713 componendorum
1137 1654 1386 1710 morem,
1417 1656 1592 1715 quam
1616 1637 1982 1698 Platonicum
2014 1643 2249 1697 secutus
2281 1634 2375 1708 sit,

261 1721 353 1782 sed
383 1719 642 1781 habebat
665 1720 781 1779 hoc
804 1737 987 1780 unum
1012 1720 1107 1780 ille
1130 1720 1239 1780 sibi
1263 1721 1592 1800 proprium,
1626 1722 1784 1801 quod
1818 1722 1961 1782 satis
1991 1720 2244 1781 notabile
2267 1725 2376 1792 est,

260 1804 407 1882 quod
439 1804 815 1875 Aristoteles,
852 1804 1267 1876 DicaearchuS‚
1306 1806 1535 1878 Ariste,
1577 1806 1896 1884 ceterique,
1928 1823 2182 1883 quorum
2215 1804 2377 1864 eius-

261 1888 487 1950 cemodi
517 1888 734 1967 scripta
765 1888 1065 1961 novimus,
1104 1889 1475 1967 Peripatetici
1512 1890 1814 1950 fabulosos
1856 1889 2230 1967 potissimum
2262 1888 2379 1947 ho-

259 1973 442 2034 mines
482 1972 879 2050 colloquentes
919 1973 1194 2033 inducere
1234 1982 1688 2044 consueverant,
1740 1972 2139 2051 Praxiphanes
2184 1978 2374 2033 autem

259 2057 586 2120 recentibus
627 2063 686 2117 et
724 2056 1043 2118 virentibus
1084 2057 1275 2117 adhuc
1303 2057 1565 2118 Platonis
1605 2064 1775 2137 atque
1802 2057 2081 2118 Isocratis
2121 2055 2377 2117 auctori-

257 2142 467 2202 tatibus
496 2159 642 2202 usus
673 2148 821 2215 erat3
850 2142 1008 2202 unde
1037 2149 1278 2220 apparet
1296 2142 1651 2214 Krischium‚
1683 2142 1782 2221 qui
1810 2159 2000 2220 nuper
2028 2142 2102 2202 de
2130 2140 2374 2219 dialogis

258 2225 638 2287 Aristotelicis
669 2225 879 2286 eximie
909 2225 1240 2304 disputavit,
1266 2245 1476 2305 parum
1504 2235 1769 2289 accurate
1790 2226 2054 2287 Ciceroni
2076 2225 2227 2287 hanc
2246 2225 2373 2285 lau-

260 2310 380 2370 dem
402 2309 765 2381 attribuisse,
785 2310 944 2388 quod
968 2328 1076 2387 pro
1095 2310 1305 2370 fabulis
1330 2311 1599 2372 florentia
1619 2311 1810 2372 adhuc
1830 2311 2113 2371 memoria
2129 2310 2373 2371 nomina

259 2393 313 2456 in
341 2395 611 2472 dialogos
641 2411 817 2465 enee,
861 2394 934 2454 ad
976 2394 1390 2456 Aristoteleum
1430 2414 1658 2456 morem
1701 2403 1758 2455 et
1786 2395 1954 2474 ipsos
1988 2394 2376 2473 compositos,

256 2480 481 2555 primus
536 2479 800 2539 omnium
854 2478 1285 2553 induxerit23).
1354 2480 1574 2541 Deinde
1614 2480 1784 2541 etiam
1827 2479 1964 2539 illud
2006 2478 2221 2540 mirum
2262 2484 2373 2551 est,

258 2564 404 2641 quod
433 2562 695 2624 Platonis
720 2569 778 2622 et
797 2561 1074 2624 Isocratis
1098 2564 1368 2641 personis
1391 2582 1539 2625 usus
1564 2572 1688 2625 erat
1701 2563 2143 2642 Peripateticus,
2189 2561 2373 2623 Nam-

258 2665 362 2725 que
391 2648 555 2726 quod
584 2647 793 2708 idonea
822 2647 1060 2726 quidem
1092 2648 1182 2709 illa
1213 2649 1456 2709 nomina
1483 2649 1728 2720 fuerint,
1771 2648 1984 2726 quibus
2026 2646 2374 2724 gravissima

382 2865 471 2927 21)
510 2866 722 2916 Sensum
758 2866 901 2917 huius
938 2868 1210 2917 notationis
1243 2882 1414 2933 parum
1449 2874 1713 2917 essecutus
1749 2874 1830 2917 est
1858 2865 1921 2917 R.
1947 2865 2036 2916 Fr.
2060 2865 2373 2915 Hermannus

261 2931 435 2984 Gesch.
464 2949 511 2983 u.
540 2933 743 2999 System
762 2935 854 2985 der
877 2934 1073 2985 Platon.
1101 2934 1287 2984 Philus.
1312 2933 1428 2985 Vol.
1454 2935 1492 2996 Ι,
1521 2952 1566 3001 p.
1593 2935 1675 2984 80.

385 3001 474 3063 22)
515 3001 618 3051 nie.
644 3003 708 3053 ad
731 3001 839 3052 Att.
862 3001 998 3065 xm,
1029 3002 1089 3052 19
1115 3002 1252 3067 Quae
1277 3010 1443 3053 autem
1471 3004 1546 3052 his
1564 3003 1873 3069 temporibus
1899 3002 2096 3066 scripsi,
2125 2996 2373 3069 >Inmo-

257 3067 464 3120 τέλειον
494 3085 684 3119 morem
719 3069 926 3130 habent3
971 3071 1020 3119 in
1056 3085 1151 3135 quo
1187 3086 1351 3119 sermo
1387 3072 1459 3121 ita
1488 3071 1742 3120 inducitur
1775 3076 2085 3132 ceterorum,
2126 3075 2185 3117 ut
2218 3082 2374 3132 penes

258 3135 408 3201 ipsum
439 3138 508 3187 sit
541 3138 868 3201 principatus.
917 3134 991 3186 Cf.
1017 3134 1232 3187 Krische
1268 3139 1347 3187 die
1374 3137 1593 3200 theolog.
1620 3138 1817 3187 Lehren
1843 3138 1935 3185 der
1957 3136 2146 3198 griech.
2172 3134 2376 3184 Denker

257 3217 300 3267 p.
328 3204 416 3264 18,
458 3204 541 3270 qui
575 3220 812 3255 summam
837 3204 1211 3254 dissertationis
1245 3220 1366 3255 suae
1393 3206 1467 3255 sic
1492 3205 1885 3270 comprehendit:
1921 3202 2052 3253 Wes
2077 3201 2254 3251 Cicero
2280 3217 2374 3250 zu-

141 3273 149 3286 ’
258 3272 433 3322 uehat
455 3288 555 3322 von
579 3273 887 3323 Aristoteles
911 3269 1143 3322 aufnahm
1161 3273 1262 3322 und
1282 3288 1394 3322 zum
1414 3272 1688 3322 character
1705 3273 1795 3322 des
1819 3267 2250 3336 Ἀριστοτέλειος
2265 3282 2373 3320 mon

258 3340 506 3404 stenwelt,
529 3340 728 3390 hesteht
752 3341 911 3402 dat-in,
935 3341 1051 3390 dass
1078 3355 1136 3389 er
1160 3340 1297 3389 nicht
1319 3341 1467 3389 einen
1493 3339 1736 3389 Sokrates
1760 3336 2006 3405 einfiihrt,
2031 3339 2123 3388 der
2146 3337 2226 3387 die
2251 3337 2376 3387 Mit-

257 3419 499 3468 personen
540 3408 636 3456 wie
673 3407 887 3457 Schiiler
921 3408 1188 3457 behandelt
1221 3408 1319 3457 und
1354 3408 1519 3458 finden
1550 3408 1702 3468 liisst‚
1738 3408 1954 3456 sondern
1990 3407 2105 3456 dass
2138 3420 2197 3455 er
2222 3404 2375 3468 jeder

256 3470 442 3524 Person
477 3475 624 3523 einen
649 3474 1023 3537 vollstiindigen
1046 3476 1147 3525 und
1171 3475 1750 3537 zusammenhiingenden
1773 3473 1999 3537 Vox-trag
2022 3475 2168 3524 einer
2191 3472 2375 3522 Schule

260 3539 532 3598 (orationes
558 3544 847 3606 perpetuas)
874 3542 1155 3605 dergestalt
1172 3544 1452 3606 iibergiebt‚
1479 3543 1596 3592 dass
1622 3542 1745 3592 nach
1765 3540 1989 3604 Priifung
2008 3543 2099 3592 der
2116 3539 2375 3592 verschie-

259 3606 413 3657 denen
437 3609 637 3658 Lehren
673 3609 785 3658 dem
808 3608 1239 3674 Repriisentanten
1276 3611 1445 3661 seiner
1468 3610 1680 3660 Ansicht
1704 3611 1752 3659 d.
1778 3610 1825 3659 h.
1863 3609 2033 3658 seiner
2067 3609 2221 3658 durch
2255 3621 2374 3655 vor-

259 3674 465 3739 sichtige
505 3676 828 3738 Wiirdigung
860 3679 949 3727 des
975 3678 1247 3729 Einzelnen
1283 3693 1625 3741 gewounenen
1660 3678 1757 3726 und
1791 3677 2121 3739 geschiitzten
2147 3674 2375 3725 Deukart

258 3742 332 3791 die
358 3743 625 3794 Oberhand
651 3744 825 3793 bleibt.

388 3810 471 3872 23)
509 3810 624 3875 lpse
651 3810 828 3861 Cicero
855 3813 914 3862 de
940 3812 1138 3861 Senect.
1164 3809 1209 3872 1,
1244 3812 1274 3861 3
1299 3812 1505 3862 Omnem
1528 3817 1695 3861 autem
1721 3826 2026 3871 sermonem,
2061 3809 2239 3872 inquit,
2275 3809 2370 3858 tri-

258 3874 448 3927 buimus
480 3895 577 3927 non
614 3878 857 3941 Tithono,
889 3887 947 3929 ut
970 3881 1144 3929 Aristo
1170 3878 1301 3930 Ceus
1339 3881 1428 3941 (sic
1455 3879 1770 3928 scribendum
1797 3894 1886 3943 pro
1914 3877 2033 3927 Chio
2054 3913 2068 3940 ‚
2102 3891 2151 3925 v.
2176 3874 2372 3925 Ritschl

258 3940 384 3993 Mus.
411 3945 500 3995 Rh.
525 3945 708 3998 Philol.
738 3947 863 3996 1841
891 3963 937 4013 p.
961 3946 1055 3996 193
1077 3949 1201 4011 sq.)‚
1239 3963 1410 4013 parum
1444 3948 1573 3996 enim
1610 3953 1752 3996 esset
1771 3944 2090 3995 auctoritatis
2113 3943 2163 3992 in
2187 3941 2375 4008 falmlaY

259 4013 343 4061 sed
369 4012 435 4062 M.
463 4013 642 4064 Catoni
668 4015 794 4077 seni,
820 4031 915 4079 quo
939 4016 1175 4065 maiorem
1199 4015 1551 4065 auctoritatem
1576 4014 1787 4063 haberet
1809 4014 1989 4063 oratio.

2414 1732 2467 1775 16
