<?xml version="1.0" encoding="UTF-8"?>
<!DOCTYPE html PUBLIC "-//W3C//DTD XHTML 1.0 Transitional//EN"
    "http://www.w3.org/TR/xhtml1/DTD/xhtml1-transitional.dtd">
<html xmlns="http://www.w3.org/1999/xhtml" xml:lang="en" lang="en">
 <head>
  <title>
</title>
<meta http-equiv="Content-Type" content="text/html;charset=utf-8" />
  <meta name='ocr-system' content='tesseract 3.04.00' />
  <meta name='ocr-capabilities' content='ocr_page ocr_carea ocr_par ocr_line ocrx_word'/>
</head>
<body>
  <div class='ocr_page' id='page_1' title='image "./ausgewhlteaufst01khgoog_0371.png"; bbox 0 0 2867 4717; ppageno 0'>
   <div class='ocr_carea' id='block_1_1' title="bbox 471 442 1679 500">
    <p class='ocr_par' dir='ltr' id='par_1_1' title="bbox 471 442 1679 500">
     <span class='ocr_line' id='line_1_1' title="bbox 471 442 1679 500; baseline 0.002 -2"><span class='ocrx_word' id='word_1_1' title='bbox 471 444 577 498; x_wconf 81' lang='lat'><strong><em>358</em></strong></span> <span class='ocrx_word' id='word_1_2' title='bbox 1401 442 1679 500; x_wconf 81' lang='lat' dir='ltr'><strong>Studien</strong></span> 
     </span>
    </p>
   </div>
   <div class='ocr_carea' id='block_1_2' title="bbox 457 598 2590 2785">
    <p class='ocr_par' dir='ltr' id='par_1_2' title="bbox 457 598 2590 2194">
     <span class='ocr_line' id='line_1_2' title="bbox 469 598 2590 679; baseline 0.003 -19"><span class='ocrx_word' id='word_1_3' title='bbox 469 599 732 661; x_wconf 81' lang='lat' dir='ltr'>Austand</span> <span class='ocrx_word' id='word_1_4' title='bbox 764 599 991 673; x_wconf 87' lang='lat' dir='ltr'>nehme,</span> <span class='ocrx_word' id='word_1_5' title='bbox 1021 600 1132 660; x_wconf 89' lang='lat' dir='ltr'><strong><em>den</em></strong></span> <span class='ocrx_word' id='word_1_6' title='bbox 1156 598 1501 679; x_wconf 81' lang='lat' dir='ltr'>Ophioneus</span> <span class='ocrx_word' id='word_1_7' title='bbox 1530 601 1651 661; x_wconf 88' lang='lat' dir='ltr'><strong><em>und</em></strong></span> <span class='ocrx_word' id='word_1_8' title='bbox 1683 601 1843 662; x_wconf 89' lang='lat' dir='ltr'>seine</span> <span class='ocrx_word' id='word_1_9' title='bbox 1876 602 2097 663; x_wconf 84' lang='lat' dir='ltr'>Geburt</span> <span class='ocrx_word' id='word_1_10' title='bbox 2122 602 2220 663; x_wconf 73' lang='lat' dir='ltr'><strong><em>fsu·</em></strong></span> <span class='ocrx_word' id='word_1_11' title='bbox 2250 603 2375 664; x_wconf 87' lang='lat' dir='ltr'>eine</span> <span class='ocrx_word' id='word_1_12' title='bbox 2405 605 2590 667; x_wconf 84' lang='lat' dir='ltr'>Reac—</span> 
     </span>
     <span class='ocr_line' id='line_1_3' title="bbox 468 683 2587 765; baseline 0.003 -21"><span class='ocrx_word' id='word_1_13' title='bbox 468 687 596 745; x_wconf 85' lang='lat' dir='ltr'>tion</span> <span class='ocrx_word' id='word_1_14' title='bbox 626 684 730 744; x_wconf 85' lang='lat' dir='ltr'><strong><em>des</em></strong></span> <span class='ocrx_word' id='word_1_15' title='bbox 762 683 995 744; x_wconf 82' lang='lat' dir='ltr'>Chthon</span> <span class='ocrx_word' id='word_1_16' title='bbox 1033 702 1213 762; x_wconf 84' lang='lat' dir='ltr'>gegen</span> <span class='ocrx_word' id='word_1_17' title='bbox 1244 685 1335 746; x_wconf 89' lang='lat' dir='ltr'><strong><em>die</em></strong></span> <span class='ocrx_word' id='word_1_18' title='bbox 1366 685 1766 747; x_wconf 86' lang='lat' dir='ltr'>weltbildende</span> <span class='ocrx_word' id='word_1_19' title='bbox 1798 686 2128 765; x_wconf 64' lang='lat' dir='ltr'>Thefigkeit</span> <span class='ocrx_word' id='word_1_20' title='bbox 2164 687 2268 747; x_wconf 89' lang='lat' dir='ltr'><strong><em>des</em></strong></span> <span class='ocrx_word' id='word_1_21' title='bbox 2299 689 2448 749; x_wconf 90' lang='lat' dir='ltr'>Zeus</span> <span class='ocrx_word' id='word_1_22' title='bbox 2478 709 2587 751; x_wconf 79' lang='lat' dir='ltr'><strong><em>an-</em></strong></span> 
     </span>
     <span class='ocr_line' id='line_1_4' title="bbox 469 768 2587 852; baseline 0.002 -23"><span class='ocrx_word' id='word_1_23' title='bbox 469 768 748 840; x_wconf 83' lang='lat' dir='ltr'>zusehen‚</span> <span class='ocrx_word' id='word_1_24' title='bbox 783 787 849 829; x_wconf 89' lang='lat' dir='ltr'><strong><em>so</em></strong></span> <span class='ocrx_word' id='word_1_25' title='bbox 884 769 990 829; x_wconf 90' lang='lat' dir='ltr'><strong><em>wie</em></strong></span> <span class='ocrx_word' id='word_1_26' title='bbox 1019 769 1171 830; x_wconf 80' lang='lat' dir='ltr'>Hera</span> <span class='ocrx_word' id='word_1_27' title='bbox 1202 770 1316 829; x_wconf 89' lang='lat' dir='ltr'><strong><em>den</em></strong></span> <span class='ocrx_word' id='word_1_28' title='bbox 1348 770 1665 849; x_wconf 80' lang='lat' dir='ltr'>Typhoeus</span> <span class='ocrx_word' id='word_1_29' title='bbox 1695 771 1846 832; x_wconf 76' lang='lat' dir='ltr'>nach</span> <span class='ocrx_word' id='word_1_30' title='bbox 1874 771 2086 851; x_wconf 85' lang='lat' dir='ltr'>Hymn.</span> <span class='ocrx_word' id='word_1_31' title='bbox 2113 773 2287 833; x_wconf 89' lang='lat' dir='ltr'><strong>Hom.</strong></span> <span class='ocrx_word' id='word_1_32' title='bbox 2309 774 2417 852; x_wconf 87' lang='lat' dir='ltr'><strong><em>Ap.</em></strong></span> <span class='ocrx_word' id='word_1_33' title='bbox 2443 774 2508 833; x_wconf 90' lang='lat' dir='ltr'><strong><em>P.</em></strong></span> <span class='ocrx_word' id='word_1_34' title='bbox 2532 794 2587 834; x_wconf 83' lang='lat' dir='ltr'><strong><em>v.</em></strong></span> 
     </span>
     <span class='ocr_line' id='line_1_5' title="bbox 476 846 2590 935; baseline 0.003 -22"><span class='ocrx_word' id='word_1_35' title='bbox 476 853 595 913; x_wconf 82' lang='lat'><strong><em>129</em></strong></span> <span class='ocrx_word' id='word_1_36' title='bbox 623 846 829 935; x_wconf 80' lang='grc' dir='ltr'><strong><em>νόσφι</em></strong></span> <span class='ocrx_word' id='word_1_37' title='bbox 858 847 1058 926; x_wconf 89' lang='grc' dir='ltr'><strong><em>Διός,</em></strong></span> <span class='ocrx_word' id='word_1_38' title='bbox 1108 853 1186 913; x_wconf 89' lang='lat' dir='ltr'><strong><em>im</em></strong></span> <span class='ocrx_word' id='word_1_39' title='bbox 1220 853 1409 914; x_wconf 80' lang='lat' dir='ltr'>Hasse</span> <span class='ocrx_word' id='word_1_40' title='bbox 1447 872 1633 933; x_wconf 81' lang='lat' dir='ltr'>gegen</span> <span class='ocrx_word' id='word_1_41' title='bbox 1662 856 1776 916; x_wconf 90' lang='lat' dir='ltr'><strong><em>den</em></strong></span> <span class='ocrx_word' id='word_1_42' title='bbox 1808 856 1955 917; x_wconf 86' lang='lat' dir='ltr'>Zeus</span> <span class='ocrx_word' id='word_1_43' title='bbox 1999 875 2105 917; x_wconf 85' lang='lat' dir='ltr'><strong><em>aus</em></strong></span> <span class='ocrx_word' id='word_1_44' title='bbox 2136 858 2238 917; x_wconf 85' lang='lat' dir='ltr'><strong><em>der</em></strong></span> <span class='ocrx_word' id='word_1_45' title='bbox 2269 858 2590 920; x_wconf 80' lang='lat' dir='ltr'>Unterwelt</span> 
     </span>
     <span class='ocr_line' id='line_1_6' title="bbox 469 937 2588 1015; baseline 0.003 -18"><span class='ocrx_word' id='word_1_46' title='bbox 469 937 797 1015; x_wconf 66' lang='lat' dir='ltr'>empffingt‚</span> <span class='ocrx_word' id='word_1_47' title='bbox 847 937 941 997; x_wconf 88' lang='lat' dir='ltr'><strong><em>bei</em></strong></span> <span class='ocrx_word' id='word_1_48' title='bbox 981 937 1199 998; x_wconf 84' lang='lat' dir='ltr'>Hesiod</span> <span class='ocrx_word' id='word_1_49' title='bbox 1250 938 1343 998; x_wconf 90' lang='lat' dir='ltr'><strong><em>die</em></strong></span> <span class='ocrx_word' id='word_1_50' title='bbox 1380 939 1535 1000; x_wconf 86' lang='lat' dir='ltr'>Erde</span> <span class='ocrx_word' id='word_1_51' title='bbox 1575 940 1757 1000; x_wconf 86' lang='lat' dir='ltr'>selbst</span> <span class='ocrx_word' id='word_1_52' title='bbox 1795 941 1985 1001; x_wconf 85' lang='lat' dir='ltr'>dieses</span> <span class='ocrx_word' id='word_1_53' title='bbox 2025 940 2335 1002; x_wconf 83' lang='lat' dir='ltr'>feindliche</span> <span class='ocrx_word' id='word_1_54' title='bbox 2372 943 2588 1004; x_wconf 75' lang='lat' dir='ltr'>Wesen</span> 
     </span>
     <span class='ocr_line' id='line_1_7' title="bbox 476 1015 2588 1105; baseline 0.003 -25"><span class='ocrx_word' id='word_1_55' title='bbox 476 1015 819 1103; x_wconf 77' lang='grc' dir='ltr'><em>Ταρτάρου</em></span> <span class='ocrx_word' id='word_1_56' title='bbox 858 1015 926 1082; x_wconf 79' lang='grc' dir='ltr'><strong><em>ἐν</em></strong></span> <span class='ocrx_word' id='word_1_57' title='bbox 965 1016 1277 1105; x_wconf 84' lang='grc' dir='ltr'><strong><em>φιλότητι</em></strong></span> <span class='ocrx_word' id='word_1_58' title='bbox 1318 1024 1554 1101; x_wconf 84' lang='lat' dir='ltr'>gebiert.</span> <span class='ocrx_word' id='word_1_59' title='bbox 1613 1024 1779 1085; x_wconf 88' lang='lat' dir='ltr'>Beim</span> <span class='ocrx_word' id='word_1_60' title='bbox 1810 1025 2176 1104; x_wconf 83' lang='lat' dir='ltr'>Pherekydes</span> <span class='ocrx_word' id='word_1_61' title='bbox 2207 1045 2326 1085; x_wconf 79' lang='lat' dir='ltr'><strong><em>war</em></strong></span> <span class='ocrx_word' id='word_1_62' title='bbox 2356 1026 2588 1105; x_wconf 84' lang='lat' dir='ltr'>Ophio-</span> 
     </span>
     <span class='ocr_line' id='line_1_8' title="bbox 466 1105 2585 1189; baseline 0.003 -24"><span class='ocrx_word' id='word_1_63' title='bbox 466 1124 613 1166; x_wconf 83' lang='lat' dir='ltr'>neus</span> <span class='ocrx_word' id='word_1_64' title='bbox 645 1105 749 1165; x_wconf 84' lang='lat' dir='ltr'><strong><em>der</em></strong></span> <span class='ocrx_word' id='word_1_65' title='bbox 788 1114 943 1165; x_wconf 82' lang='lat' dir='ltr'>erste</span> <span class='ocrx_word' id='word_1_66' title='bbox 978 1106 1470 1180; x_wconf 80' lang='lat' dir='ltr'>Weltherrseher‚</span> <span class='ocrx_word' id='word_1_67' title='bbox 1513 1109 1617 1170; x_wconf 82' lang='lat' dir='ltr'><strong><em>der</em></strong></span> <span class='ocrx_word' id='word_1_68' title='bbox 1658 1110 1807 1169; x_wconf 81' lang='lat' dir='ltr'>nach</span> <span class='ocrx_word' id='word_1_69' title='bbox 1848 1110 2102 1188; x_wconf 81' lang='lat' dir='ltr'>heftigen</span> <span class='ocrx_word' id='word_1_70' title='bbox 2130 1110 2416 1189; x_wconf 67' lang='lat' dir='ltr'>Kiimpfen</span> <span class='ocrx_word' id='word_1_71' title='bbox 2445 1130 2585 1171; x_wconf 84' lang='lat' dir='ltr'><strong><em>vom</em></strong></span> 
     </span>
     <span class='ocr_line' id='line_1_9' title="bbox 464 1190 2583 1274; baseline 0.002 -23"><span class='ocrx_word' id='word_1_72' title='bbox 464 1190 702 1251; x_wconf 75' lang='lat' dir='ltr'>Kronos</span> <span class='ocrx_word' id='word_1_73' title='bbox 733 1195 992 1268; x_wconf 77' lang='lat' dir='ltr'>gestfmt</span> <span class='ocrx_word' id='word_1_74' title='bbox 1023 1192 1249 1265; x_wconf 77' lang='lat' dir='ltr'>warde,</span> <span class='ocrx_word' id='word_1_75' title='bbox 1281 1211 1328 1252; x_wconf 78' lang='lat' dir='ltr'><strong><em>s,</em></strong></span> <span class='ocrx_word' id='word_1_76' title='bbox 1359 1192 1563 1254; x_wconf 88' lang='lat' dir='ltr'>Celsus</span> <span class='ocrx_word' id='word_1_77' title='bbox 1593 1193 1649 1253; x_wconf 87' lang='lat' dir='ltr'><strong><em>b.</em></strong></span> <span class='ocrx_word' id='word_1_78' title='bbox 1683 1193 1840 1271; x_wconf 84' lang='lat' dir='ltr'>Orig.</span> <span class='ocrx_word' id='word_1_79' title='bbox 1872 1213 1921 1253; x_wconf 86' lang='lat' dir='ltr'><strong><em>c.</em></strong></span> <span class='ocrx_word' id='word_1_80' title='bbox 1955 1194 2102 1254; x_wconf 81' lang='lat' dir='ltr'>Cels,</span> <span class='ocrx_word' id='word_1_81' title='bbox 2129 1194 2219 1268; x_wconf 90' lang='lat' dir='ltr'><strong><em>VI,</em></strong></span> <span class='ocrx_word' id='word_1_82' title='bbox 2250 1214 2312 1274; x_wconf 86' lang='lat' dir='ltr'><strong><em>p.</em></strong></span> <span class='ocrx_word' id='word_1_83' title='bbox 2338 1195 2458 1256; x_wconf 81' lang='lat'><strong><em>303</em></strong></span> <span class='ocrx_word' id='word_1_84' title='bbox 2490 1196 2583 1256; x_wconf 90' lang='lat' dir='ltr'><strong><em>ed.</em></strong></span> 
     </span>
     <span class='ocr_line' id='line_1_10' title="bbox 468 1268 2583 1355; baseline 0.004 -23"><span class='ocrx_word' id='word_1_85' title='bbox 468 1275 756 1351; x_wconf 85' lang='lat' dir='ltr'>Spencer:</span> <span class='ocrx_word' id='word_1_86' title='bbox 803 1268 995 1336; x_wconf 72' lang='grc' dir='ltr'><strong><em>θεῖόν</em></strong></span> <span class='ocrx_word' id='word_1_87' title='bbox 1037 1294 1189 1336; x_wconf 91' lang='grc' dir='ltr'><strong><em>τινα</em></strong></span> <span class='ocrx_word' id='word_1_88' title='bbox 1233 1271 1527 1355; x_wconf 86' lang='grc' dir='ltr'><strong><em>πόλεμον</em></strong></span> <span class='ocrx_word' id='word_1_89' title='bbox 1570 1268 1991 1339; x_wconf 75' lang='grc' dir='ltr'><strong><em>αἰνίττεσθαι</em></strong></span> <span class='ocrx_word' id='word_1_90' title='bbox 2035 1275 2190 1352; x_wconf 77' lang='grc' dir='ltr'><strong><em>τούς</em></strong></span> <span class='ocrx_word' id='word_1_91' title='bbox 2229 1274 2583 1355; x_wconf 84' lang='grc' dir='ltr'><strong><em>παλαιούς,</em></strong></span> 
     </span>
     <span class='ocr_line' id='line_1_11' title="bbox 457 1349 2586 1447; baseline 0.003 -30"><span class='ocrx_word' id='word_1_92' title='bbox 457 1350 886 1440; x_wconf 64' lang='grc' dir='ltr'><strong><em>ςΗράκλειτον</em></strong></span> <span class='ocrx_word' id='word_1_93' title='bbox 925 1353 1044 1436; x_wconf 76' lang='grc' dir='ltr'><strong><em>μὲν</em></strong></span> <span class='ocrx_word' id='word_1_94' title='bbox 1087 1353 1358 1440; x_wconf 81' lang='grc' dir='ltr'><strong><em>λέγοντα</em></strong></span> <span class='ocrx_word' id='word_1_95' title='bbox 1402 1349 1638 1422; x_wconf 73' lang='grc' dir='ltr'><strong><em>ὧδε-</em></strong></span> <span class='ocrx_word' id='word_1_96' title='bbox 1665 1397 1777 1436; x_wconf 86' lang='grc'><strong><em>-,</em></strong></span> <span class='ocrx_word' id='word_1_97' title='bbox 1826 1356 2197 1445; x_wconf 79' lang='grc' dir='ltr'><em>Φερεκύδην</em></span> <span class='ocrx_word' id='word_1_98' title='bbox 2243 1359 2316 1424; x_wconf 77' lang='grc' dir='ltr'><strong><em>δὲ</em></strong></span> <span class='ocrx_word' id='word_1_99' title='bbox 2358 1360 2586 1447; x_wconf 74' lang='grc' dir='ltr'><strong><em>πολλῷ</em></strong></span> 
     </span>
     <span class='ocr_line' id='line_1_12' title="bbox 467 1435 2585 1529; baseline 0.003 -27"><span class='ocrx_word' id='word_1_100' title='bbox 467 1435 896 1524; x_wconf 73' lang='grc' dir='ltr'><strong><em>ἀρχαιότερον</em></strong></span> <span class='ocrx_word' id='word_1_101' title='bbox 940 1437 1281 1523; x_wconf 79' lang='grc' dir='ltr'><strong><em>γενόμενον</em></strong></span> <span class='ocrx_word' id='word_1_102' title='bbox 1317 1436 1743 1526; x_wconf 58' lang='grc' dir='ltr'><strong><em>(Ηρακλείτου</em></strong></span> <span class='ocrx_word' id='word_1_103' title='bbox 1786 1446 2197 1524; x_wconf 76' lang='grc' dir='ltr'><strong><em>μυθοποιεῖν</em></strong></span> <span class='ocrx_word' id='word_1_104' title='bbox 2237 1442 2585 1529; x_wconf 75' lang='grc' dir='ltr'><strong><em>στρατείαν</em></strong></span> 
     </span>
     <span class='ocr_line' id='line_1_13' title="bbox 466 1520 2585 1631; baseline 0.003 -45"><span class='ocrx_word' id='word_1_105' title='bbox 466 1520 782 1609; x_wconf 78' lang='grc' dir='ltr'><strong><em>στρατείᾳ</em></strong></span> <span class='ocrx_word' id='word_1_106' title='bbox 837 1525 1417 1611; x_wconf 82' lang='grc' dir='ltr'><strong><em>παραταττομένην</em></strong></span> <span class='ocrx_word' id='word_1_107' title='bbox 1471 1525 1589 1590; x_wconf 80' lang='grc' dir='ltr'><strong><em>καὶ</em></strong></span> <span class='ocrx_word' id='word_1_108' title='bbox 1642 1526 1760 1611; x_wconf 85' lang='grc' dir='ltr'><strong><em>τῆς</em></strong></span> <span class='ocrx_word' id='word_1_109' title='bbox 1811 1523 1930 1607; x_wconf 77' lang='grc' dir='ltr'><strong><em>μὲν</em></strong></span> <span class='ocrx_word' id='word_1_110' title='bbox 1985 1523 2274 1631; x_wconf 52' lang='grc' dir='ltr'><strong><em>ἤγεμόνα</em></strong></span> <span class='ocrx_word' id='word_1_111' title='bbox 2326 1527 2585 1612; x_wconf 87' lang='grc' dir='ltr'><strong><em>Κρόνον</em></strong></span> 
     </span>
     <span class='ocr_line' id='line_1_14' title="bbox 470 1605 2583 1698; baseline 0.003 -27"><span class='ocrx_word' id='word_1_112' title='bbox 470 1606 737 1672; x_wconf 78' lang='grc' dir='ltr'><strong><em>διδόναι</em></strong></span> <span class='ocrx_word' id='word_1_113' title='bbox 794 1612 863 1686; x_wconf 87' lang='grc' dir='ltr'><strong><em>(Ι.</em></strong></span> <span class='ocrx_word' id='word_1_114' title='bbox 911 1605 1386 1685; x_wconf 78' lang='grc' dir='ltr'><strong><em>ἀποδιδόναι),</em></strong></span> <span class='ocrx_word' id='word_1_115' title='bbox 1439 1610 1557 1694; x_wconf 86' lang='grc' dir='ltr'><strong><em>τῆς</em></strong></span> <span class='ocrx_word' id='word_1_116' title='bbox 1609 1605 1681 1673; x_wconf 72' lang='grc' dir='ltr'><strong><em>ἓτ</em></strong></span> <span class='ocrx_word' id='word_1_117' title='bbox 1702 1609 1839 1694; x_wconf 86' lang='grc' dir='ltr'><strong><em>’ρας</em></strong></span> <span class='ocrx_word' id='word_1_118' title='bbox 1895 1610 1970 1675; x_wconf 79' lang='grc' dir='ltr'><strong><em>δὲ</em></strong></span> <span class='ocrx_word' id='word_1_119' title='bbox 2020 1611 2349 1697; x_wconf 84' lang='grc' dir='ltr'><strong><em>Οφιονέα,</em></strong></span> <span class='ocrx_word' id='word_1_120' title='bbox 2413 1634 2583 1698; x_wconf 84' lang='grc' dir='ltr'><strong><em>προ-</em></strong></span> 
     </span>
     <span class='ocr_line' id='line_1_15' title="bbox 466 1687 2584 1781; baseline 0.003 -27"><span class='ocrx_word' id='word_1_121' title='bbox 466 1689 735 1776; x_wconf 83' lang='grc' dir='ltr'><strong><em>κλήσεις</em></strong></span> <span class='ocrx_word' id='word_1_122' title='bbox 783 1713 856 1754; x_wconf 88' lang='grc' dir='ltr'><strong><em>τε</em></strong></span> <span class='ocrx_word' id='word_1_123' title='bbox 908 1692 1023 1755; x_wconf 85' lang='grc' dir='ltr'><strong><em>καὶ</em></strong></span> <span class='ocrx_word' id='word_1_124' title='bbox 1077 1687 1358 1773; x_wconf 78' lang='grc' dir='ltr'><strong><em>ἁμίλλας</em></strong></span> <span class='ocrx_word' id='word_1_125' title='bbox 1414 1689 1625 1756; x_wconf 78' lang='grc' dir='ltr'><strong><em>αὐτῶν</em></strong></span> <span class='ocrx_word' id='word_1_126' title='bbox 1670 1689 1916 1777; x_wconf 74' lang='grc' dir='ltr'><strong><em>ἱστορεῖ</em></strong></span> <span class='ocrx_word' id='word_1_127' title='bbox 1958 1693 2293 1781; x_wconf 73' lang='grc' dir='ltr'><strong><em>συνθήκας</em></strong></span> <span class='ocrx_word' id='word_1_128' title='bbox 2345 1719 2418 1759; x_wconf 85' lang='grc' dir='ltr'><strong><em>τε</em></strong></span> <span class='ocrx_word' id='word_1_129' title='bbox 2464 1692 2584 1760; x_wconf 81' lang='grc' dir='ltr'><strong><em>αύ-</em></strong></span> 
     </span>
     <span class='ocr_line' id='line_1_16' title="bbox 466 1772 2579 1863; baseline 0.003 -25"><span class='ocrx_word' id='word_1_130' title='bbox 466 1780 611 1852; x_wconf 90' lang='grc' dir='ltr'><strong><em>τοῖς</em></strong></span> <span class='ocrx_word' id='word_1_131' title='bbox 662 1772 1034 1859; x_wconf 75' lang='grc' dir='ltr'><strong><em>γίγνεσθαι,</em></strong></span> <span class='ocrx_word' id='word_1_132' title='bbox 1092 1774 1178 1839; x_wconf 76' lang='grc' dir='ltr'><strong><em>ἵν’</em></strong></span> <span class='ocrx_word' id='word_1_133' title='bbox 1240 1774 1557 1862; x_wconf 81' lang='grc' dir='ltr'><strong><em>ὁπότεροι</em></strong></span> <span class='ocrx_word' id='word_1_134' title='bbox 1603 1772 1699 1853; x_wconf 80' lang='grc' dir='ltr'><strong><em>εἰς</em></strong></span> <span class='ocrx_word' id='word_1_135' title='bbox 1739 1778 1854 1841; x_wconf 84' lang='grc' dir='ltr'><strong><em>τὸν</em></strong></span> <span class='ocrx_word' id='word_1_136' title='bbox 1888 1774 2154 1863; x_wconf 76' lang='grc' dir='ltr'><strong><em>Ὠγῆνον</em></strong></span> <span class='ocrx_word' id='word_1_137' title='bbox 2210 1778 2579 1862; x_wconf 76' lang='grc' dir='ltr'><strong><em>ἐμπέσωσι,</em></strong></span> 
     </span>
     <span class='ocr_line' id='line_1_17' title="bbox 463 1852 2581 1947; baseline 0.003 -25"><span class='ocrx_word' id='word_1_138' title='bbox 463 1859 736 1937; x_wconf 86' lang='grc' dir='ltr'><strong><em>τούτους</em></strong></span> <span class='ocrx_word' id='word_1_139' title='bbox 778 1859 898 1940; x_wconf 79' lang='grc' dir='ltr'><strong><em>μὲν</em></strong></span> <span class='ocrx_word' id='word_1_140' title='bbox 943 1852 1113 1923; x_wconf 84' lang='grc' dir='ltr'><strong><em>εἶναι</em></strong></span> <span class='ocrx_word' id='word_1_141' title='bbox 1155 1859 1619 1947; x_wconf 79' lang='grc' dir='ltr'><strong><em>νενικημένους,</em></strong></span> <span class='ocrx_word' id='word_1_142' title='bbox 1663 1860 1818 1938; x_wconf 82' lang='grc' dir='ltr'><strong><em>τούς</em></strong></span> <span class='ocrx_word' id='word_1_143' title='bbox 1862 1858 2290 1941; x_wconf 76' lang='grc' dir='ltr'><strong><em>δ’ἒξώσαντας</em></strong></span> <span class='ocrx_word' id='word_1_144' title='bbox 2318 1865 2433 1928; x_wconf 81' lang='grc' dir='ltr'><strong><em>καὶ</em></strong></span> <span class='ocrx_word' id='word_1_145' title='bbox 2475 1889 2581 1928; x_wconf 90' lang='grc' dir='ltr'><strong><em>νι-</em></strong></span> 
     </span>
     <span class='ocr_line' id='line_1_18' title="bbox 464 1940 2581 2031; baseline 0.003 -24"><span class='ocrx_word' id='word_1_146' title='bbox 464 1941 791 2029; x_wconf 81' lang='grc' dir='ltr'><strong><em>κήσαντας</em></strong></span> <span class='ocrx_word' id='word_1_147' title='bbox 844 1943 1115 2021; x_wconf 86' lang='grc' dir='ltr'><strong><em>τούτους</em></strong></span> <span class='ocrx_word' id='word_1_148' title='bbox 1167 1940 1338 2025; x_wconf 74' lang='grc' dir='ltr'><strong><em>ἔχειν</em></strong></span> <span class='ocrx_word' id='word_1_149' title='bbox 1390 1945 1507 2009; x_wconf 83' lang='grc' dir='ltr'><strong><em>τὸν</em></strong></span> <span class='ocrx_word' id='word_1_150' title='bbox 1551 1940 1853 2031; x_wconf 74' lang='grc' dir='ltr'><strong><em>ούρανόνε</em></strong></span> <span class='ocrx_word' id='word_1_151' title='bbox 1910 1951 2015 2010; x_wconf 88' lang='lat' dir='ltr'><strong><em>mit</em></strong></span> <span class='ocrx_word' id='word_1_152' title='bbox 2061 1952 2302 2011; x_wconf 82' lang='lat' dir='ltr'>welcher</span> <span class='ocrx_word' id='word_1_153' title='bbox 2346 1953 2581 2030; x_wconf 80' lang='lat' dir='ltr'>Angahe</span> 
     </span>
     <span class='ocr_line' id='line_1_19' title="bbox 466 2032 2580 2112; baseline 0.004 -22"><span class='ocrx_word' id='word_1_154' title='bbox 466 2033 557 2091; x_wconf 89' lang='lat' dir='ltr'><strong><em>die</em></strong></span> <span class='ocrx_word' id='word_1_155' title='bbox 592 2032 907 2110; x_wconf 80' lang='lat' dir='ltr'>folgenden</span> <span class='ocrx_word' id='word_1_156' title='bbox 938 2034 1144 2104; x_wconf 88' lang='lat' dir='ltr'>Verse‚</span> <span class='ocrx_word' id='word_1_157' title='bbox 1188 2034 1405 2094; x_wconf 81' lang='lat' dir='ltr'><strong>welche</strong></span> <span class='ocrx_word' id='word_1_158' title='bbox 1439 2033 1714 2112; x_wconf 86' lang='lat' dir='ltr'>Orpheus</span> <span class='ocrx_word' id='word_1_159' title='bbox 1755 2034 1911 2094; x_wconf 86' lang='lat' dir='ltr'><strong>heim</strong></span> <span class='ocrx_word' id='word_1_160' title='bbox 1943 2035 2212 2112; x_wconf 86' lang='lat' dir='ltr'>Apollon.</span> <span class='ocrx_word' id='word_1_161' title='bbox 2247 2036 2433 2096; x_wconf 89' lang='lat' dir='ltr'>Rhod.</span> <span class='ocrx_word' id='word_1_162' title='bbox 2465 2039 2580 2098; x_wconf 83' lang='lat' dir='ltr'><strong>Ar·-</strong></span> 
     </span>
     <span class='ocr_line' id='line_1_20' title="bbox 466 2116 1122 2194; baseline 0.005 -21"><span class='ocrx_word' id='word_1_163' title='bbox 466 2133 600 2191; x_wconf 85' lang='lat' dir='ltr'>gon.</span> <span class='ocrx_word' id='word_1_164' title='bbox 632 2117 676 2184; x_wconf 88' lang='grc' dir='ltr'><strong><em>Ι,</em></strong></span> <span class='ocrx_word' id='word_1_165' title='bbox 712 2116 833 2176; x_wconf 87' lang='grc'><strong><em>503</em></strong></span> <span class='ocrx_word' id='word_1_166' title='bbox 849 2118 906 2175; x_wconf 78' lang='lat' dir='ltr'><strong><em>ff.</em></strong></span> <span class='ocrx_word' id='word_1_167' title='bbox 940 2117 1122 2194; x_wconf 82' lang='lat' dir='ltr'>singt:</span> 
     </span>
    </p>

    <p class='ocr_par' dir='ltr' id='par_1_3' title="bbox 663 2191 2213 2286">
     <span class='ocr_line' id='line_1_21' title="bbox 663 2191 2213 2286; baseline 0.003 -26"><span class='ocrx_word' id='word_1_168' title='bbox 663 2191 886 2281; x_wconf 73' lang='grc' dir='ltr'><strong><em>ἤειδεν</em></strong></span> <span class='ocrx_word' id='word_1_169' title='bbox 930 2192 994 2259; x_wconf 73' lang='grc' dir='ltr'><strong><em>δ’</em></strong></span> <span class='ocrx_word' id='word_1_170' title='bbox 1039 2193 1129 2272; x_wconf 74' lang='grc' dir='ltr'><strong><em>ὥς</em></strong></span> <span class='ocrx_word' id='word_1_171' title='bbox 1171 2197 1438 2282; x_wconf 81' lang='grc' dir='ltr'><strong><em>πρῶτος</em></strong></span> <span class='ocrx_word' id='word_1_172' title='bbox 1473 2192 1718 2285; x_wconf 79' lang='grc' dir='ltr'><strong><em>Ὀφίων</em></strong></span> <span class='ocrx_word' id='word_1_173' title='bbox 1760 2195 2098 2286; x_wconf 75' lang='grc' dir='ltr'><strong><em>Εὐρυνόμη</em></strong></span> <span class='ocrx_word' id='word_1_174' title='bbox 2143 2224 2213 2264; x_wconf 90' lang='grc' dir='ltr'><strong><em>τε</em></strong></span> 
     </span>
    </p>

    <p class='ocr_par' dir='ltr' id='par_1_4' title="bbox 657 2277 2256 2368">
     <span class='ocr_line' id='line_1_22' title="bbox 657 2277 2256 2368; baseline 0.004 -25"><span class='ocrx_word' id='word_1_175' title='bbox 657 2277 954 2357; x_wconf 82' lang='grc' dir='ltr'><strong><em>Ὠκεανὶς</em></strong></span> <span class='ocrx_word' id='word_1_176' title='bbox 994 2277 1335 2368; x_wconf 83' lang='grc' dir='ltr'><strong><em>νιφόεντος</em></strong></span> <span class='ocrx_word' id='word_1_177' title='bbox 1377 2278 1525 2362; x_wconf 77' lang='grc' dir='ltr'><strong><em>ἔχον</em></strong></span> <span class='ocrx_word' id='word_1_178' title='bbox 1568 2279 1806 2365; x_wconf 79' lang='grc' dir='ltr'><strong><em>κράτος</em></strong></span> <span class='ocrx_word' id='word_1_179' title='bbox 1853 2279 2256 2364; x_wconf 79' lang='grc' dir='ltr'><strong><em>Οὐλύμποιο,</em></strong></span> 
     </span>
    </p>

    <p class='ocr_par' dir='ltr' id='par_1_5' title="bbox 665 2359 2375 2454">
     <span class='ocr_line' id='line_1_23' title="bbox 665 2359 2375 2454; baseline 0.003 -27"><span class='ocrx_word' id='word_1_180' title='bbox 665 2359 756 2441; x_wconf 76' lang='grc' dir='ltr'><strong><em>ὥς</em></strong></span> <span class='ocrx_word' id='word_1_181' title='bbox 783 2388 856 2428; x_wconf 90' lang='grc' dir='ltr'><strong><em>τε</em></strong></span> <span class='ocrx_word' id='word_1_182' title='bbox 885 2362 1000 2452; x_wconf 81' lang='grc' dir='ltr'><strong><em>βίη</em></strong></span> <span class='ocrx_word' id='word_1_183' title='bbox 1031 2364 1146 2428; x_wconf 81' lang='grc' dir='ltr'><strong><em>καὶ</em></strong></span> <span class='ocrx_word' id='word_1_184' title='bbox 1172 2363 1393 2450; x_wconf 81' lang='grc' dir='ltr'><strong><em>χερσὶν</em></strong></span> <span class='ocrx_word' id='word_1_185' title='bbox 1425 2362 1461 2429; x_wconf 82' lang='grc' dir='ltr'><em>ὃ</em></span> <span class='ocrx_word' id='word_1_186' title='bbox 1487 2363 1606 2446; x_wconf 78' lang='grc' dir='ltr'><strong><em>μὲν</em></strong></span> <span class='ocrx_word' id='word_1_187' title='bbox 1634 2365 1868 2452; x_wconf 80' lang='grc' dir='ltr'><strong><em>Κρόνῳ</em></strong></span> <span class='ocrx_word' id='word_1_188' title='bbox 1899 2362 2140 2431; x_wconf 72' lang='grc' dir='ltr'><strong><em>εἴκαθε</em></strong></span> <span class='ocrx_word' id='word_1_189' title='bbox 2165 2369 2375 2454; x_wconf 82' lang='grc' dir='ltr'><strong><em>τιμῆς,</em></strong></span> 
     </span>
    </p>

    <p class='ocr_par' dir='ltr' id='par_1_6' title="bbox 460 2431 2581 2785">
     <span class='ocr_line' id='line_1_24' title="bbox 664 2431 2269 2535; baseline 0.003 -23"><span class='ocrx_word' id='word_1_190' title='bbox 664 2445 705 2533; x_wconf 78' lang='grc' dir='ltr'><em>ἦ</em></span> <span class='ocrx_word' id='word_1_191' title='bbox 753 2448 827 2513; x_wconf 80' lang='grc' dir='ltr'><strong><em>δὲ</em></strong></span> <span class='ocrx_word' id='word_1_192' title='bbox 863 2431 1020 2535; x_wconf 71' lang='grc' dir='ltr'><strong><em>Ῥέῃ,</em></strong></span> <span class='ocrx_word' id='word_1_193' title='bbox 1067 2444 1307 2514; x_wconf 77' lang='grc' dir='ltr'><strong><em>ἔπεσον</em></strong></span> <span class='ocrx_word' id='word_1_194' title='bbox 1353 2446 1416 2512; x_wconf 70' lang='grc' dir='ltr'><strong><em>δ’</em></strong></span> <span class='ocrx_word' id='word_1_195' title='bbox 1462 2447 1559 2514; x_wconf 79' lang='grc' dir='ltr'><strong><em>ε’νὶ</em></strong></span> <span class='ocrx_word' id='word_1_196' title='bbox 1604 2449 1887 2531; x_wconf 86' lang='grc' dir='ltr'><strong><em>κύμασιν</em></strong></span> <span class='ocrx_word' id='word_1_197' title='bbox 1922 2448 2269 2527; x_wconf 79' lang='grc' dir='ltr'><strong><em>Ὠκεανοῖο,</em></strong></span> 
     </span>
     <span class='ocr_line' id='line_1_25' title="bbox 462 2537 2581 2619; baseline 0.002 -24"><span class='ocrx_word' id='word_1_198' title='bbox 462 2555 530 2595; x_wconf 87' lang='lat' dir='ltr'><strong><em>so</em></strong></span> <span class='ocrx_word' id='word_1_199' title='bbox 563 2554 750 2613; x_wconf 83' lang='lat' dir='ltr'>genau</span> <span class='ocrx_word' id='word_1_200' title='bbox 779 2537 1324 2607; x_wconf 76' lang='lat' dir='ltr'>fibereinstimmen,</span> <span class='ocrx_word' id='word_1_201' title='bbox 1357 2538 1486 2598; x_wconf 78' lang='lat' dir='ltr'>dass</span> <span class='ocrx_word' id='word_1_202' title='bbox 1517 2556 1653 2598; x_wconf 85' lang='lat' dir='ltr'><strong><em>man</em></strong></span> <span class='ocrx_word' id='word_1_203' title='bbox 1688 2539 1838 2598; x_wconf 82' lang='lat' dir='ltr'>wohl</span> <span class='ocrx_word' id='word_1_204' title='bbox 1869 2541 1975 2599; x_wconf 86' lang='lat' dir='ltr'><strong><em>mit</em></strong></span> <span class='ocrx_word' id='word_1_205' title='bbox 2001 2541 2220 2619; x_wconf 76' lang='lat' dir='ltr'>einIger</span> <span class='ocrx_word' id='word_1_206' title='bbox 2241 2540 2581 2601; x_wconf 78' lang='lat' dir='ltr'>Zuversicht</span> 
     </span>
     <span class='ocr_line' id='line_1_26' title="bbox 460 2621 2581 2703; baseline 0.002 -23"><span class='ocrx_word' id='word_1_207' title='bbox 460 2621 788 2682; x_wconf 81' lang='lat' dir='ltr'>annehmen</span> <span class='ocrx_word' id='word_1_208' title='bbox 832 2622 1009 2693; x_wconf 83' lang='lat' dir='ltr'><strong>kann,</strong></span> <span class='ocrx_word' id='word_1_209' title='bbox 1064 2622 1255 2681; x_wconf 84' lang='lat' dir='ltr'>dieser</span> <span class='ocrx_word' id='word_1_210' title='bbox 1294 2622 1529 2682; x_wconf 77' lang='lat' dir='ltr'>Dichter</span> <span class='ocrx_word' id='word_1_211' title='bbox 1571 2622 1693 2681; x_wconf 86' lang='lat' dir='ltr'><strong><em>und</em></strong></span> <span class='ocrx_word' id='word_1_212' title='bbox 1740 2623 1918 2683; x_wconf 82' lang='lat' dir='ltr'>andre</span> <span class='ocrx_word' id='word_1_213' title='bbox 1959 2623 2277 2702; x_wconf 85' lang='lat' dir='ltr'>Zeugnisse</span> <span class='ocrx_word' id='word_1_214' title='bbox 2320 2631 2581 2703; x_wconf 58' lang='lat' dir='ltr'>spaterer</span> 
     </span>
     <span class='ocr_line' id='line_1_27' title="bbox 462 2705 2579 2785; baseline 0.002 -21"><span class='ocrx_word' id='word_1_215' title='bbox 462 2705 607 2778; x_wconf 84' lang='lat' dir='ltr'>Zeit‚</span> <span class='ocrx_word' id='word_1_216' title='bbox 640 2706 857 2768; x_wconf 83' lang='lat' dir='ltr'>welche</span> <span class='ocrx_word' id='word_1_217' title='bbox 887 2725 1001 2765; x_wconf 88' lang='lat' dir='ltr'><strong><em>von</em></strong></span> <span class='ocrx_word' id='word_1_218' title='bbox 1034 2706 1271 2785; x_wconf 83' lang='lat' dir='ltr'>Ophion</span> <span class='ocrx_word' id='word_1_219' title='bbox 1302 2706 1384 2765; x_wconf 81' lang='lat' dir='ltr'><strong><em>ais</em></strong></span> <span class='ocrx_word' id='word_1_220' title='bbox 1419 2706 1552 2766; x_wconf 88' lang='lat' dir='ltr'><strong><em>dem</em></strong></span> <span class='ocrx_word' id='word_1_221' title='bbox 1586 2705 1978 2767; x_wconf 84' lang='lat' dir='ltr'>Urherrseher</span> <span class='ocrx_word' id='word_1_222' title='bbox 2017 2709 2199 2769; x_wconf 89' lang='lat' dir='ltr'>reden</span> <span class='ocrx_word' id='word_1_223' title='bbox 2220 2710 2346 2783; x_wconf 77' lang='grc'><strong><em>16),</em></strong></span> <span class='ocrx_word' id='word_1_224' title='bbox 2387 2708 2579 2769; x_wconf 77' lang='lat' dir='ltr'>haben</span> 
     </span>
    </p>
   </div>
   <div class='ocr_carea' id='block_1_3' title="bbox 459 2849 2585 4136">
    <p class='ocr_par' dir='ltr' id='par_1_7' title="bbox 461 2849 2585 3122">
     <span class='ocr_line' id='line_1_28' title="bbox 464 2849 2580 2927; baseline 0.003 -24"><span class='ocrx_word' id='word_1_225' title='bbox 464 2850 722 2904; x_wconf 74' lang='grc' dir='ltr'><strong><em>Ἀσωποῦ</em></strong></span> <span class='ocrx_word' id='word_1_226' title='bbox 755 2852 1062 2923; x_wconf 75' lang='grc' dir='ltr'><strong><em>θυγατρός,</em></strong></span> <span class='ocrx_word' id='word_1_227' title='bbox 1102 2849 1160 2912; x_wconf 79' lang='grc' dir='ltr'><strong><em>ὃς</em></strong></span> <span class='ocrx_word' id='word_1_228' title='bbox 1192 2851 1374 2908; x_wconf 76' lang='grc' dir='ltr'><strong><em>ἐλθὼν</em></strong></span> <span class='ocrx_word' id='word_1_229' title='bbox 1399 2859 1479 2912; x_wconf 80' lang='grc' dir='ltr'><strong><em>εἰς</em></strong></span> <span class='ocrx_word' id='word_1_230' title='bbox 1500 2857 1795 2925; x_wconf 87' lang='grc' dir='ltr'><strong><em>Σαλαμῖνα</em></strong></span> <span class='ocrx_word' id='word_1_231' title='bbox 1829 2858 1920 2907; x_wconf 86' lang='grc' dir='ltr'><strong><em>καὶ</em></strong></span> <span class='ocrx_word' id='word_1_232' title='bbox 1946 2856 2124 2927; x_wconf 79' lang='grc' dir='ltr'><strong><em>εὑρών</em></strong></span> <span class='ocrx_word' id='word_1_233' title='bbox 2153 2852 2325 2925; x_wconf 70' lang='grc' dir='ltr'><strong><em>’Όφιν</em></strong></span> <span class='ocrx_word' id='word_1_234' title='bbox 2348 2859 2580 2922; x_wconf 77' lang='grc' dir='ltr'><strong><em>βασιλέα</em></strong></span> 
     </span>
     <span class='ocr_line' id='line_1_29' title="bbox 464 2916 2585 2991; baseline 0.002 -20"><span class='ocrx_word' id='word_1_235' title='bbox 464 2917 645 2971; x_wconf 81' lang='grc' dir='ltr'><strong><em>ἀνεῖλε</em></strong></span> <span class='ocrx_word' id='word_1_236' title='bbox 677 2922 770 2969; x_wconf 86' lang='grc' dir='ltr'><strong><em>καὶ</em></strong></span> <span class='ocrx_word' id='word_1_237' title='bbox 804 2916 967 2978; x_wconf 84' lang='grc' dir='ltr'><strong><em>αὐτὸς</em></strong></span> <span class='ocrx_word' id='word_1_238' title='bbox 999 2921 1335 2985; x_wconf 83' lang='grc' dir='ltr'><strong><em>ἐβασίλευσε.</em></strong></span> <span class='ocrx_word' id='word_1_239' title='bbox 1385 2924 1610 2974; x_wconf 78' lang='lat' dir='ltr'>Bekannt</span> <span class='ocrx_word' id='word_1_240' title='bbox 1644 2927 1712 2974; x_wconf 89' lang='lat' dir='ltr'><strong><em>ist</em></strong></span> <span class='ocrx_word' id='word_1_241' title='bbox 1743 2926 1821 2974; x_wconf 86' lang='lat' dir='ltr'><strong><em>die</em></strong></span> <span class='ocrx_word' id='word_1_242' title='bbox 1859 2927 2187 2991; x_wconf 79' lang='lat' dir='ltr'>kyehreische</span> <span class='ocrx_word' id='word_1_243' title='bbox 2214 2926 2459 2989; x_wconf 83' lang='lat' dir='ltr'>Schlange</span> <span class='ocrx_word' id='word_1_244' title='bbox 2493 2925 2585 2975; x_wconf 82' lang='lat' dir='ltr'><strong><em>auf</em></strong></span> 
     </span>
     <span class='ocr_line' id='line_1_30' title="bbox 464 2988 2578 3057; baseline 0.002 -19"><span class='ocrx_word' id='word_1_245' title='bbox 464 2989 700 3052; x_wconf 64' lang='lat' dir='ltr'>Salamis),</span> <span class='ocrx_word' id='word_1_246' title='bbox 728 3004 770 3037; x_wconf 88' lang='lat' dir='ltr'><strong><em>S.</em></strong></span> <span class='ocrx_word' id='word_1_247' title='bbox 796 2989 1071 3039; x_wconf 82' lang='lat' dir='ltr'>besonders</span> <span class='ocrx_word' id='word_1_248' title='bbox 1098 2990 1441 3039; x_wconf 84' lang='lat' dir='ltr'>Schneidewin</span> <span class='ocrx_word' id='word_1_249' title='bbox 1471 2988 1670 3041; x_wconf 75' lang='lat' dir='ltr'>Ztsehr.</span> <span class='ocrx_word' id='word_1_250' title='bbox 1697 2990 1730 3041; x_wconf 88' lang='lat' dir='ltr'><strong><em>f.</em></strong></span> <span class='ocrx_word' id='word_1_251' title='bbox 1759 2993 1819 3042; x_wconf 88' lang='lat' dir='ltr'><strong><em>A.</em></strong></span> <span class='ocrx_word' id='word_1_252' title='bbox 1853 2992 2006 3057; x_wconf 85' lang='lat'><strong>1843,</strong></span> <span class='ocrx_word' id='word_1_253' title='bbox 2034 2994 2085 3043; x_wconf 91' lang='lat' dir='ltr'><strong><em>S.</em></strong></span> <span class='ocrx_word' id='word_1_254' title='bbox 2112 2993 2227 3042; x_wconf 88' lang='lat'>215.</span> <span class='ocrx_word' id='word_1_255' title='bbox 2277 2993 2578 3043; x_wconf 80' lang='lat' dir='ltr'>Ausserdem</span> 
     </span>
     <span class='ocr_line' id='line_1_31' title="bbox 461 3054 2218 3122; baseline 0.002 -17"><span class='ocrx_word' id='word_1_256' title='bbox 461 3056 792 3115; x_wconf 71' lang='lat' dir='ltr'>Erechtheus,</span> <span class='ocrx_word' id='word_1_257' title='bbox 818 3054 1065 3122; x_wconf 75' lang='lat' dir='ltr'>RekropS,</span> <span class='ocrx_word' id='word_1_258' title='bbox 1092 3058 1181 3105; x_wconf 86' lang='lat' dir='ltr'><strong><em>der</em></strong></span> <span class='ocrx_word' id='word_1_259' title='bbox 1207 3059 1491 3122; x_wconf 86' lang='lat' dir='ltr'>delphische</span> <span class='ocrx_word' id='word_1_260' title='bbox 1516 3059 1712 3108; x_wconf 82' lang='lat' dir='ltr'>Drache</span> <span class='ocrx_word' id='word_1_261' title='bbox 1739 3076 1787 3108; x_wconf 92' lang='lat' dir='ltr'><strong><em>u.</em></strong></span> <span class='ocrx_word' id='word_1_262' title='bbox 1817 3076 1857 3109; x_wconf 87' lang='lat' dir='ltr'><strong><em>s.</em></strong></span> <span class='ocrx_word' id='word_1_263' title='bbox 1886 3075 1950 3109; x_wconf 86' lang='lat' dir='ltr'><strong><em>w.</em></strong></span> <span class='ocrx_word' id='word_1_264' title='bbox 2211 3067 2218 3072; x_wconf 81' lang='grc'>’</span> 
     </span>
    </p>

    <p class='ocr_par' dir='ltr' id='par_1_8' title="bbox 459 3119 2580 4136">
     <span class='ocr_line' id='line_1_32' title="bbox 601 3119 2580 3197; baseline 0.004 -26"><span class='ocrx_word' id='word_1_265' title='bbox 601 3123 680 3184; x_wconf 85' lang='grc'><strong><em>16)</em></strong></span> <span class='ocrx_word' id='word_1_266' title='bbox 719 3123 976 3190; x_wconf 75' lang='lat' dir='ltr'>Lykophr.</span> <span class='ocrx_word' id='word_1_267' title='bbox 1011 3125 1158 3174; x_wconf 78' lang='lat' dir='ltr'>Alex.</span> <span class='ocrx_word' id='word_1_268' title='bbox 1196 3125 1324 3174; x_wconf 86' lang='lat'>1192</span> <span class='ocrx_word' id='word_1_269' title='bbox 1368 3134 1525 3175; x_wconf 80' lang='lat' dir='ltr'>neunt</span> <span class='ocrx_word' id='word_1_270' title='bbox 1556 3126 1691 3176; x_wconf 88' lang='lat' dir='ltr'>Zeus</span> <span class='ocrx_word' id='word_1_271' title='bbox 1735 3119 1945 3177; x_wconf 78' lang='grc' dir='ltr'><strong><em>ἄνακτα</em></strong></span> <span class='ocrx_word' id='word_1_272' title='bbox 1980 3128 2087 3178; x_wconf 84' lang='grc' dir='ltr'><strong><em>τῶν</em></strong></span> <span class='ocrx_word' id='word_1_273' title='bbox 2123 3124 2401 3195; x_wconf 83' lang='grc' dir='ltr'><strong><em>Ὀφίωνος</em></strong></span> <span class='ocrx_word' id='word_1_274' title='bbox 2440 3122 2580 3197; x_wconf 74' lang='grc' dir='ltr'><strong><em>θρό-</em></strong></span> 
     </span>
     <span class='ocr_line' id='line_1_33' title="bbox 462 3188 2575 3262; baseline 0.001 -20"><span class='ocrx_word' id='word_1_275' title='bbox 462 3206 589 3243; x_wconf 89' lang='grc' dir='ltr'><strong><em>νων.</em></strong></span> <span class='ocrx_word' id='word_1_276' title='bbox 640 3191 780 3240; x_wconf 78' lang='lat' dir='ltr'><strong>Dazu</strong></span> <span class='ocrx_word' id='word_1_277' title='bbox 806 3190 1048 3241; x_wconf 87' lang='lat' dir='ltr'>Tzetzes:</span> <span class='ocrx_word' id='word_1_278' title='bbox 1085 3189 1196 3259; x_wconf 85' lang='grc' dir='ltr'><strong><em>πρὸ</em></strong></span> <span class='ocrx_word' id='word_1_279' title='bbox 1231 3188 1341 3261; x_wconf 79' lang='grc' dir='ltr'><strong><em>γὰρ</em></strong></span> <span class='ocrx_word' id='word_1_280' title='bbox 1375 3189 1600 3259; x_wconf 84' lang='grc' dir='ltr'><strong><em>Κρόνου</em></strong></span> <span class='ocrx_word' id='word_1_281' title='bbox 1634 3194 1728 3243; x_wconf 83' lang='grc' dir='ltr'><strong><em>καὶ</em></strong></span> <span class='ocrx_word' id='word_1_282' title='bbox 1755 3189 1906 3250; x_wconf 82' lang='grc' dir='ltr'><strong><em>Ῥέας</em></strong></span> <span class='ocrx_word' id='word_1_283' title='bbox 1925 3189 2137 3261; x_wconf 86' lang='grc' dir='ltr'><strong><em>Ὀφίων</em></strong></span> <span class='ocrx_word' id='word_1_284' title='bbox 2158 3196 2251 3246; x_wconf 83' lang='grc' dir='ltr'><strong><em>καὶ</em></strong></span> <span class='ocrx_word' id='word_1_285' title='bbox 2275 3192 2575 3262; x_wconf 84' lang='grc' dir='ltr'><strong><em>Εὐρυνόμη</em></strong></span> 
     </span>
     <span class='ocr_line' id='line_1_34' title="bbox 461 3253 2578 3341; baseline 0.002 -34"><span class='ocrx_word' id='word_1_286' title='bbox 461 3253 493 3322; x_wconf 85' lang='grc' dir='ltr'>ἡ</span> <span class='ocrx_word' id='word_1_287' title='bbox 520 3259 618 3307; x_wconf 84' lang='grc' dir='ltr'><strong><em>τοῦ</em></strong></span> <span class='ocrx_word' id='word_1_288' title='bbox 648 3254 917 3310; x_wconf 82' lang='grc' dir='ltr'><strong><em>Ὠκεανοῦ</em></strong></span> <span class='ocrx_word' id='word_1_289' title='bbox 951 3258 1062 3309; x_wconf 80' lang='grc' dir='ltr'><strong><em>τῶν</em></strong></span> <span class='ocrx_word' id='word_1_290' title='bbox 1090 3261 1244 3311; x_wconf 71' lang='grc' dir='ltr'><strong><em>θεῶν</em></strong></span> <span class='ocrx_word' id='word_1_291' title='bbox 1278 3259 1625 3341; x_wconf 57' lang='grc' dir='ltr'><strong><em>ἐβασίλευον,</em></strong></span> <span class='ocrx_word' id='word_1_292' title='bbox 1663 3255 1759 3317; x_wconf 75' lang='grc' dir='ltr'><strong><em>οὓς</em></strong></span> <span class='ocrx_word' id='word_1_293' title='bbox 1786 3261 2027 3318; x_wconf 82' lang='grc' dir='ltr'><strong><em>Τιτᾶνας</em></strong></span> <span class='ocrx_word' id='word_1_294' title='bbox 2058 3261 2306 3311; x_wconf 83' lang='grc' dir='ltr'><strong><em>καλοῦσι.</em></strong></span> <span class='ocrx_word' id='word_1_295' title='bbox 2356 3259 2578 3328; x_wconf 84' lang='grc' dir='ltr'><strong><em>Κρόνος</em></strong></span> 
     </span>
     <span class='ocr_line' id='line_1_35' title="bbox 463 3321 2577 3398; baseline 0.001 -24"><span class='ocrx_word' id='word_1_296' title='bbox 463 3323 526 3375; x_wconf 75' lang='grc' dir='ltr'><strong><em>δὲ</em></strong></span> <span class='ocrx_word' id='word_1_297' title='bbox 550 3321 650 3375; x_wconf 82' lang='grc' dir='ltr'><strong><em>τὸν</em></strong></span> <span class='ocrx_word' id='word_1_298' title='bbox 668 3324 915 3392; x_wconf 88' lang='grc' dir='ltr'><strong><em>Ὀφίωνα</em></strong></span> <span class='ocrx_word' id='word_1_299' title='bbox 939 3323 1274 3390; x_wconf 82' lang='grc' dir='ltr'><strong><em>καταβαλών,</em></strong></span> <span class='ocrx_word' id='word_1_300' title='bbox 1308 3329 1417 3378; x_wconf 81' lang='grc' dir='ltr'><strong><em>Ρέα</em></strong></span> <span class='ocrx_word' id='word_1_301' title='bbox 1439 3326 1503 3377; x_wconf 80' lang='grc' dir='ltr'><strong><em>δὲ</em></strong></span> <span class='ocrx_word' id='word_1_302' title='bbox 1525 3324 1626 3392; x_wconf 84' lang='grc' dir='ltr'><strong><em>τὴν</em></strong></span> <span class='ocrx_word' id='word_1_303' title='bbox 1641 3323 1978 3398; x_wconf 84' lang='grc' dir='ltr'><strong><em>Εὐρυνόμην</em></strong></span> <span class='ocrx_word' id='word_1_304' title='bbox 1995 3330 2466 3379; x_wconf 84' lang='grc' dir='ltr'><strong><em>καταπαλαίσασα</em></strong></span> <span class='ocrx_word' id='word_1_305' title='bbox 2484 3328 2577 3378; x_wconf 85' lang='grc' dir='ltr'><strong><em>καὶ</em></strong></span> 
     </span>
     <span class='ocr_line' id='line_1_36' title="bbox 463 3390 2577 3476; baseline 0.001 -33"><span class='ocrx_word' id='word_1_306' title='bbox 463 3390 781 3459; x_wconf 73' lang='grc' dir='ltr'><strong><em>ἐμβαλοῦσα</em></strong></span> <span class='ocrx_word' id='word_1_307' title='bbox 806 3395 883 3458; x_wconf 80' lang='grc' dir='ltr'><strong><em>τῷ</em></strong></span> <span class='ocrx_word' id='word_1_308' title='bbox 907 3391 1176 3476; x_wconf 75' lang='grc' dir='ltr'><strong><em>Ταρτάρῳ</em></strong></span> <span class='ocrx_word' id='word_1_309' title='bbox 1201 3395 1312 3446; x_wconf 77' lang='grc' dir='ltr'><strong><em>τῶν</em></strong></span> <span class='ocrx_word' id='word_1_310' title='bbox 1329 3397 1484 3446; x_wconf 80' lang='grc' dir='ltr'><strong><em>θεῶν</em></strong></span> <span class='ocrx_word' id='word_1_311' title='bbox 1502 3392 1889 3459; x_wconf 87' lang='grc' dir='ltr'><strong><em>ἐβασίλευσαν·</em></strong></span> <span class='ocrx_word' id='word_1_312' title='bbox 1917 3391 2014 3451; x_wconf 82' lang='grc' dir='ltr'><strong><em>οὓς</em></strong></span> <span class='ocrx_word' id='word_1_313' title='bbox 2038 3391 2212 3448; x_wconf 78' lang='grc' dir='ltr'><strong><em>πάλιν</em></strong></span> <span class='ocrx_word' id='word_1_314' title='bbox 2236 3391 2265 3445; x_wconf 83' lang='grc' dir='ltr'>ὁ</span> <span class='ocrx_word' id='word_1_315' title='bbox 2286 3393 2427 3452; x_wconf 79' lang='grc' dir='ltr'><strong><em>Ζεὺς</em></strong></span> <span class='ocrx_word' id='word_1_316' title='bbox 2448 3413 2577 3463; x_wconf 80' lang='grc' dir='ltr'><strong><em>ταρ-</em></strong></span> 
     </span>
     <span class='ocr_line' id='line_1_37' title="bbox 462 3455 2578 3531; baseline 0.003 -23"><span class='ocrx_word' id='word_1_317' title='bbox 462 3455 719 3526; x_wconf 83' lang='grc' dir='ltr'><strong><em>ταρώσας</em></strong></span> <span class='ocrx_word' id='word_1_318' title='bbox 751 3457 879 3526; x_wconf 80' lang='grc' dir='ltr'><strong><em>ἔσχε</em></strong></span> <span class='ocrx_word' id='word_1_319' title='bbox 912 3456 970 3511; x_wconf 87' lang='grc' dir='ltr'><strong><em>τὸ</em></strong></span> <span class='ocrx_word' id='word_1_320' title='bbox 1008 3478 1227 3529; x_wconf 83' lang='grc' dir='ltr'><strong><em>κρατος.</em></strong></span> <span class='ocrx_word' id='word_1_321' title='bbox 1286 3463 1456 3512; x_wconf 79' lang='lat' dir='ltr'>Schol.</span> <span class='ocrx_word' id='word_1_322' title='bbox 1482 3463 1737 3527; x_wconf 74' lang='lat' dir='ltr'>Aristoph.</span> <span class='ocrx_word' id='word_1_323' title='bbox 1762 3462 1891 3512; x_wconf 87' lang='lat' dir='ltr'>Nuh.</span> <span class='ocrx_word' id='word_1_324' title='bbox 1919 3462 2017 3512; x_wconf 85' lang='lat'><strong><em>247</em></strong></span> <span class='ocrx_word' id='word_1_325' title='bbox 2053 3463 2283 3531; x_wconf 85' lang='grc' dir='ltr'><strong><em>πρῶτον</em></strong></span> <span class='ocrx_word' id='word_1_326' title='bbox 2313 3462 2420 3531; x_wconf 80' lang='grc' dir='ltr'><strong><em>μὲν</em></strong></span> <span class='ocrx_word' id='word_1_327' title='bbox 2452 3464 2578 3520; x_wconf 87' lang='grc' dir='ltr'><strong><em>τοὺς</em></strong></span> 
     </span>
     <span class='ocr_line' id='line_1_38' title="bbox 462 3522 2574 3600; baseline 0.002 -23"><span class='ocrx_word' id='word_1_328' title='bbox 462 3524 599 3577; x_wconf 80' lang='grc' dir='ltr'><strong><em>κατὰ</em></strong></span> <span class='ocrx_word' id='word_1_329' title='bbox 617 3522 866 3594; x_wconf 85' lang='grc' dir='ltr'><strong><em>Ὀφίωνα</em></strong></span> <span class='ocrx_word' id='word_1_330' title='bbox 891 3529 982 3578; x_wconf 85' lang='grc' dir='ltr'><strong><em>καὶ</em></strong></span> <span class='ocrx_word' id='word_1_331' title='bbox 1002 3524 1356 3597; x_wconf 85' lang='grc' dir='ltr'><strong><em>Εὐρυνόμην,</em></strong></span> <span class='ocrx_word' id='word_1_332' title='bbox 1383 3523 1645 3599; x_wconf 85' lang='grc' dir='ltr'><strong><em>δεύτερον</em></strong></span> <span class='ocrx_word' id='word_1_333' title='bbox 1667 3527 1730 3580; x_wconf 81' lang='grc' dir='ltr'><strong><em>δὲ</em></strong></span> <span class='ocrx_word' id='word_1_334' title='bbox 1749 3528 1878 3585; x_wconf 83' lang='grc' dir='ltr'><strong><em>τοὺς</em></strong></span> <span class='ocrx_word' id='word_1_335' title='bbox 1894 3528 2031 3579; x_wconf 82' lang='grc' dir='ltr'><strong><em>κατὰ</em></strong></span> <span class='ocrx_word' id='word_1_336' title='bbox 2052 3527 2283 3600; x_wconf 82' lang='grc' dir='ltr'><strong><em>Κρόνον</em></strong></span> <span class='ocrx_word' id='word_1_337' title='bbox 2297 3532 2392 3581; x_wconf 82' lang='grc' dir='ltr'><strong><em>καὶ</em></strong></span> <span class='ocrx_word' id='word_1_338' title='bbox 2404 3526 2574 3593; x_wconf 82' lang='grc' dir='ltr'><strong><em>Ῥέαν,</em></strong></span> 
     </span>
     <span class='ocr_line' id='line_1_39' title="bbox 463 3587 2577 3676; baseline 0.002 -31"><span class='ocrx_word' id='word_1_339' title='bbox 463 3590 725 3650; x_wconf 79' lang='grc' dir='ltr'><strong><em>οὕστινας</em></strong></span> <span class='ocrx_word' id='word_1_340' title='bbox 754 3587 997 3676; x_wconf 78' lang='grc' dir='ltr'><strong><em>Ὅμηρος</em></strong></span> <span class='ocrx_word' id='word_1_341' title='bbox 1027 3592 1410 3664; x_wconf 84' lang='grc' dir='ltr'><strong><em>Οὐρανίωνας,</em></strong></span> <span class='ocrx_word' id='word_1_342' title='bbox 1444 3600 1635 3665; x_wconf 83' lang='grc' dir='ltr'><strong><em>τρίτον</em></strong></span> <span class='ocrx_word' id='word_1_343' title='bbox 1660 3594 1722 3646; x_wconf 81' lang='grc' dir='ltr'><strong><em>δὲ</em></strong></span> <span class='ocrx_word' id='word_1_344' title='bbox 1756 3598 1772 3659; x_wconf 95' lang='grc'>[</span> <span class='ocrx_word' id='word_1_345' title='bbox 1782 3592 1910 3652; x_wconf 84' lang='grc' dir='ltr'><strong><em>τοὺς</em></strong></span> <span class='ocrx_word' id='word_1_346' title='bbox 1942 3595 2109 3661; x_wconf 80' lang='grc' dir='ltr'><strong><em>κατὰ]</em></strong></span> <span class='ocrx_word' id='word_1_347' title='bbox 2137 3600 2252 3649; x_wconf 89' lang='grc' dir='ltr'><strong><em>Δία</em></strong></span> <span class='ocrx_word' id='word_1_348' title='bbox 2276 3594 2375 3662; x_wconf 86' lang='grc' dir='ltr'><strong><em>τὴν</em></strong></span> <span class='ocrx_word' id='word_1_349' title='bbox 2399 3593 2577 3667; x_wconf 78' lang='grc' dir='ltr'><strong><em>ἀρχὴν</em></strong></span> 
     </span>
     <span class='ocr_line' id='line_1_40' title="bbox 460 3657 2573 3732; baseline 0 -19"><span class='ocrx_word' id='word_1_350' title='bbox 460 3657 847 3713; x_wconf 82' lang='grc' dir='ltr'><strong><em>καταλύσαντα</em></strong></span> <span class='ocrx_word' id='word_1_351' title='bbox 879 3680 978 3726; x_wconf 86' lang='grc' dir='ltr'><strong><em>την</em></strong></span> <span class='ocrx_word' id='word_1_352' title='bbox 1011 3661 1252 3726; x_wconf 78' lang='grc' dir='ltr'><strong><em>ἐκείνων,</em></strong></span> <span class='ocrx_word' id='word_1_353' title='bbox 1293 3658 1387 3720; x_wconf 77' lang='grc' dir='ltr'><strong><em>οὓς</em></strong></span> <span class='ocrx_word' id='word_1_354' title='bbox 1406 3659 1748 3732; x_wconf 86' lang='grc' dir='ltr'><strong><em>Ὀλυμπίους</em></strong></span> <span class='ocrx_word' id='word_1_355' title='bbox 1778 3661 2066 3731; x_wconf 81' lang='grc' dir='ltr'><strong><em>κλήζομεν.</em></strong></span> <span class='ocrx_word' id='word_1_356' title='bbox 2131 3666 2297 3714; x_wconf 88' lang='lat' dir='ltr'>Schol.</span> <span class='ocrx_word' id='word_1_357' title='bbox 2334 3666 2573 3731; x_wconf 78' lang='lat' dir='ltr'>Aeschyl.</span> 
     </span>
     <span class='ocr_line' id='line_1_41' title="bbox 459 3717 2577 3801; baseline 0 -21"><span class='ocrx_word' id='word_1_358' title='bbox 459 3730 625 3781; x_wconf 81' lang='lat' dir='ltr'><strong>Prom.</strong></span> <span class='ocrx_word' id='word_1_359' title='bbox 660 3729 758 3778; x_wconf 88' lang='grc'><strong><em>955</em></strong></span> <span class='ocrx_word' id='word_1_360' title='bbox 798 3728 943 3796; x_wconf 75' lang='grc' dir='ltr'><strong><em>λέγει</em></strong></span> <span class='ocrx_word' id='word_1_361' title='bbox 984 3729 1054 3795; x_wconf 88' lang='grc' dir='ltr'><strong><em>δὴ</em></strong></span> <span class='ocrx_word' id='word_1_362' title='bbox 1097 3728 1196 3782; x_wconf 88' lang='grc' dir='ltr'><strong><em>τὸν</em></strong></span> <span class='ocrx_word' id='word_1_363' title='bbox 1229 3728 1479 3799; x_wconf 85' lang='grc' dir='ltr'><strong><em>Ὀφίωνα</em></strong></span> <span class='ocrx_word' id='word_1_364' title='bbox 1520 3733 1614 3782; x_wconf 82' lang='grc' dir='ltr'><strong><em>καὶ</em></strong></span> <span class='ocrx_word' id='word_1_365' title='bbox 1654 3729 1753 3795; x_wconf 84' lang='grc' dir='ltr'><strong><em>τὴν</em></strong></span> <span class='ocrx_word' id='word_1_366' title='bbox 1784 3717 2123 3801; x_wconf 76' lang='grc' dir='ltr'><strong><em>Εὖρυνόμην</em></strong></span> <span class='ocrx_word' id='word_1_367' title='bbox 2162 3734 2254 3782; x_wconf 82' lang='grc' dir='ltr'><strong><em>καὶ</em></strong></span> <span class='ocrx_word' id='word_1_368' title='bbox 2291 3731 2389 3783; x_wconf 83' lang='grc' dir='ltr'><strong><em>τὸν</em></strong></span> <span class='ocrx_word' id='word_1_369' title='bbox 2420 3728 2577 3798; x_wconf 86' lang='grc' dir='ltr'><strong><em>Κρό-</em></strong></span> 
     </span>
     <span class='ocr_line' id='line_1_42' title="bbox 460 3791 2576 3865; baseline 0 -16"><span class='ocrx_word' id='word_1_370' title='bbox 460 3814 585 3859; x_wconf 85' lang='grc' dir='ltr'><strong><em>νον,</em></strong></span> <span class='ocrx_word' id='word_1_371' title='bbox 622 3791 688 3848; x_wconf 76' lang='grc' dir='ltr'><strong><em>3ν</em></strong></span> <span class='ocrx_word' id='word_1_372' title='bbox 721 3795 955 3865; x_wconf 76' lang='grc' dir='ltr'><strong><em>ἔρριψεν</em></strong></span> <span class='ocrx_word' id='word_1_373' title='bbox 988 3796 1016 3848; x_wconf 84' lang='grc' dir='ltr'>ὁ</span> <span class='ocrx_word' id='word_1_374' title='bbox 1052 3794 1203 3855; x_wconf 84' lang='grc' dir='ltr'><strong><em>Ζεύς.</em></strong></span> <span class='ocrx_word' id='word_1_375' title='bbox 1260 3796 1367 3847; x_wconf 82' lang='lat' dir='ltr'><strong><em>Auf</em></strong></span> <span class='ocrx_word' id='word_1_376' title='bbox 1392 3800 1472 3848; x_wconf 84' lang='lat' dir='ltr'><strong><em>die</em></strong></span> <span class='ocrx_word' id='word_1_377' title='bbox 1509 3798 1851 3862; x_wconf 80' lang='lat' dir='ltr'>Verstossung</span> <span class='ocrx_word' id='word_1_378' title='bbox 1893 3801 1980 3849; x_wconf 86' lang='lat' dir='ltr'><strong><em>des</em></strong></span> <span class='ocrx_word' id='word_1_379' title='bbox 2015 3800 2215 3850; x_wconf 69' lang='lat' dir='ltr'><strong><em>Izi-onos</em></strong></span> <span class='ocrx_word' id='word_1_380' title='bbox 2250 3801 2404 3850; x_wconf 78' lang='lat' dir='ltr'>durch</span> <span class='ocrx_word' id='word_1_381' title='bbox 2438 3799 2576 3849; x_wconf 81' lang='lat' dir='ltr'>Zeus</span> 
     </span>
     <span class='ocr_line' id='line_1_43' title="bbox 459 3864 2574 3933; baseline 0 -18"><span class='ocrx_word' id='word_1_382' title='bbox 459 3865 607 3915; x_wconf 82' lang='lat' dir='ltr'>liesse</span> <span class='ocrx_word' id='word_1_383' title='bbox 640 3864 746 3914; x_wconf 82' lang='lat' dir='ltr'>sich</span> <span class='ocrx_word' id='word_1_384' title='bbox 782 3867 869 3914; x_wconf 80' lang='lat' dir='ltr'><strong><em>das</em></strong></span> <span class='ocrx_word' id='word_1_385' title='bbox 907 3867 1172 3916; x_wconf 83' lang='lat' dir='ltr'>weiterhin</span> <span class='ocrx_word' id='word_1_386' title='bbox 1207 3864 1506 3928; x_wconf 79' lang='lat' dir='ltr'>angefiihrte</span> <span class='ocrx_word' id='word_1_387' title='bbox 1540 3866 1814 3929; x_wconf 79' lang='lat' dir='ltr'>Fragment</span> <span class='ocrx_word' id='word_1_388' title='bbox 1846 3869 1936 3916; x_wconf 84' lang='lat' dir='ltr'><strong><em>des</em></strong></span> <span class='ocrx_word' id='word_1_389' title='bbox 1970 3867 2298 3933; x_wconf 81' lang='lat' dir='ltr'>Pherekydes</span> <span class='ocrx_word' id='word_1_390' title='bbox 2339 3868 2574 3917; x_wconf 78' lang='lat' dir='ltr'>beziehn:</span> 
     </span>
     <span class='ocr_line' id='line_1_44' title="bbox 461 3929 2579 4005; baseline 0.001 -24"><span class='ocrx_word' id='word_1_391' title='bbox 461 3935 642 3997; x_wconf 86' lang='grc' dir='ltr'><strong><em>κείνης</em></strong></span> <span class='ocrx_word' id='word_1_392' title='bbox 677 3929 745 3997; x_wconf 87' lang='grc' dir='ltr'><strong><em>δὴ</em></strong></span> <span class='ocrx_word' id='word_1_393' title='bbox 781 3932 875 3995; x_wconf 82' lang='grc' dir='ltr'><strong><em>τῆς</em></strong></span> <span class='ocrx_word' id='word_1_394' title='bbox 904 3936 1108 4001; x_wconf 83' lang='grc' dir='ltr'><strong><em>μοίρας</em></strong></span> <span class='ocrx_word' id='word_1_395' title='bbox 1134 3931 1360 4002; x_wconf 66' lang='grc' dir='ltr'><strong><em>ἔνερθεν</em></strong></span> <span class='ocrx_word' id='word_1_396' title='bbox 1392 3930 1600 3998; x_wconf 83' lang='grc' dir='ltr'><strong><em>ἐστινὴ</em></strong></span> <span class='ocrx_word' id='word_1_397' title='bbox 1630 3937 1912 4005; x_wconf 86' lang='grc' dir='ltr'><strong><em>Ταρταρίη</em></strong></span> <span class='ocrx_word' id='word_1_398' title='bbox 1935 3938 2114 4002; x_wconf 89' lang='grc' dir='ltr'><strong><em>μοῖρα</em></strong></span> <span class='ocrx_word' id='word_1_399' title='bbox 2136 3962 2234 3994; x_wconf 85' lang='lat'><strong><em>-‚</em></strong></span> <span class='ocrx_word' id='word_1_400' title='bbox 2270 3933 2410 3987; x_wconf 73' lang='grc' dir='ltr'><strong><em>ἔνθα</em></strong></span> <span class='ocrx_word' id='word_1_401' title='bbox 2435 3930 2579 3989; x_wconf 85' lang='grc' dir='ltr'><strong><em>Ζεὺς</em></strong></span> 
     </span>
     <span class='ocr_line' id='line_1_45' title="bbox 459 3994 2579 4072; baseline 0.001 -24"><span class='ocrx_word' id='word_1_402' title='bbox 459 3995 704 4062; x_wconf 75' lang='grc' dir='ltr'><strong><em>ἐκβάλλει</em></strong></span> <span class='ocrx_word' id='word_1_403' title='bbox 728 3999 880 4051; x_wconf 78' lang='grc' dir='ltr'><strong><em>θεῶν</em></strong></span> <span class='ocrx_word' id='word_1_404' title='bbox 905 3994 1040 4051; x_wconf 81' lang='grc' dir='ltr'><strong><em>ὅταν</em></strong></span> <span class='ocrx_word' id='word_1_405' title='bbox 1063 4017 1146 4057; x_wconf 86' lang='grc' dir='ltr'><strong><em>τις</em></strong></span> <span class='ocrx_word' id='word_1_406' title='bbox 1169 3999 1443 4072; x_wconf 80' lang='grc' dir='ltr'><strong><em>ἐξυβρίσῃ,</em></strong></span> <span class='ocrx_word' id='word_1_407' title='bbox 1470 4002 1695 4064; x_wconf 80' lang='lat' dir='ltr'>ohgleich</span> <span class='ocrx_word' id='word_1_408' title='bbox 1715 4004 1812 4052; x_wconf 80' lang='lat' dir='ltr'><strong><em>mir</em></strong></span> <span class='ocrx_word' id='word_1_409' title='bbox 1835 4004 1914 4052; x_wconf 81' lang='lat' dir='ltr'><strong><em>die</em></strong></span> <span class='ocrx_word' id='word_1_410' title='bbox 1933 4003 2221 4065; x_wconf 81' lang='lat' dir='ltr'>Beziehung</span> <span class='ocrx_word' id='word_1_411' title='bbox 2242 4001 2333 4054; x_wconf 78' lang='lat' dir='ltr'><strong><em>auf</em></strong></span> <span class='ocrx_word' id='word_1_412' title='bbox 2349 4003 2429 4052; x_wconf 85' lang='lat' dir='ltr'><strong><em>die</em></strong></span> <span class='ocrx_word' id='word_1_413' title='bbox 2449 4002 2579 4051; x_wconf 89' lang='lat' dir='ltr'>See·</span> 
     </span>
     <span class='ocr_line' id='line_1_46' title="bbox 459 4066 2577 4136; baseline 0.002 -22"><span class='ocrx_word' id='word_1_414' title='bbox 459 4066 848 4129; x_wconf 76' lang='lat' dir='ltr'>lenwanderung</span> <span class='ocrx_word' id='word_1_415' title='bbox 872 4069 1344 4119; x_wconf 76' lang='lat' dir='ltr'>wahrscheinlioher</span> <span class='ocrx_word' id='word_1_416' title='bbox 1368 4069 1452 4119; x_wconf 80' lang='lat' dir='ltr'><strong><em>ist.</em></strong></span> <span class='ocrx_word' id='word_1_417' title='bbox 1501 4069 1803 4121; x_wconf 67' lang='lat' dir='ltr'>Auraei-dem</span> <span class='ocrx_word' id='word_1_418' title='bbox 1826 4070 2016 4122; x_wconf 85' lang='lat' dir='ltr'><strong>kommt</strong></span> <span class='ocrx_word' id='word_1_419' title='bbox 2042 4070 2234 4136; x_wconf 86' lang='lat' dir='ltr'>Ophion</span> <span class='ocrx_word' id='word_1_420' title='bbox 2257 4071 2335 4121; x_wconf 72' lang='lat' dir='ltr'><strong><em>alu</em></strong></span> <span class='ocrx_word' id='word_1_421' title='bbox 2359 4070 2577 4122; x_wconf 77' lang='lat' dir='ltr'>Urhorr-</span> 
     </span>
    </p>
   </div>
   <div class='ocr_carea' id='block_1_4' title="bbox 2861 2543 2866 3149">
    <p class='ocr_par' dir='ltr' id='par_1_9' title="bbox 2861 2543 2866 3149">
     <span class='ocr_line' id='line_1_47' title="bbox 2861 2543 2866 3149; baseline 0 0"><span class='ocrx_word' id='word_1_422' title='bbox 2861 2543 2866 3149; x_wconf 95' lang='lat' dir='ltr'><strong><em> </em></strong></span> 
     </span>
    </p>
   </div>
   <div class='ocr_carea' id='block_1_5' title="bbox 2861 3688 2866 4394">
    <p class='ocr_par' dir='ltr' id='par_1_10' title="bbox 2861 3688 2866 4394">
     <span class='ocr_line' id='line_1_48' title="bbox 2861 3688 2866 4394; baseline 0 0"><span class='ocrx_word' id='word_1_423' title='bbox 2861 3688 2866 4394; x_wconf 95' lang='lat' dir='ltr'><strong><em> </em></strong></span> 
     </span>
    </p>
   </div>
  </div>
 </body>
</html>
