2867 4717
436 399 540 455 142
1288 399 1383 452 De
1439 412 1678 452 caussa

601 555 756 616 Haec
777 553 973 614 omnia
998 553 1050 616 si
1074 554 1270 615 animo
1295 553 1719 632 complectaris,
1753 552 1910 616 vides
1932 558 2032 614 aut
2051 552 2361 632 Boettigeri
2385 553 2539 617 illam

431 639 690 700 nominis
732 639 1148 701 derivationem
1187 639 1528 700 mittendam
1569 657 1698 700 esse
1736 645 1793 700 et
1832 638 1997 699 aliam
2039 638 2100 699 in
2140 641 2300 700 cultu
2328 639 2541 700 Dianae

431 722 777 804 Caryatidis,
809 724 859 786 si
890 726 951 784 in
981 725 1090 789 hac
1118 724 1206 784 via
1239 723 1554 803 persistere
1584 723 1788 796 libeat,
1829 741 2093 785 caussam
2126 725 2539 802 quaerendam,

428 817 530 871 aut
568 810 640 869 ad
679 808 1019 870 historicam
1060 808 1600 888 interpretationem
1634 807 1870 868 Vitruvii
1908 809 2334 869 revertendum.
2394 809 2540 871 Illud

427 893 623 954 moliri
660 894 828 953 video
860 893 1196 965 Carellium,
1240 895 1335 972 qui
1377 893 1847 972 antiquissimum
1890 893 2195 954 delubrum
2226 893 2439 954 Dianae
2470 911 2539 954 ex

429 976 553 1038 eius
593 979 846 1052 arboris,
887 997 1062 1058 quam
1103 979 1318 1039 indicat
1355 995 1687 1056 cognomen
1727 976 2074 1057 CaryatidiS,
2113 979 2349 1039 materia
2390 996 2536 1039 con-

429 1069 714 1124 structum
741 1064 984 1143 eiusque
996 1070 1212 1124 tectum
1238 1082 1269 1123 a
1292 1063 1612 1141 virginibus
1632 1062 2096 1124 ministrantibus
2119 1063 2328 1124 fultum
2351 1062 2538 1124 fuisse

323 1163 407 1207 404.
432 1148 766 1226 suspicatur
785 1148 912 1226 ¹2);
954 1166 1305 1226 quamquam
1338 1147 1659 1226 simplicior
1688 1149 1835 1208 ratio
1866 1149 2043 1219 foret,
2078 1147 2127 1208 si
2156 1149 2389 1209 easdem
2418 1148 2536 1208 vir-

429 1233 616 1310 gines,
648 1251 797 1312 quae
817 1240 1022 1310 postea
1047 1233 1289 1293 choreas
1313 1233 1617 1304 ducebant,
1649 1240 1960 1311 antequam
1984 1232 2278 1302 saltarent,
2311 1231 2536 1293 solenni

428 1317 490 1378 in
518 1336 736 1396 pompa
766 1336 798 1377 a
823 1317 1126 1396 Spartanis
1150 1317 1359 1396 Caryas
1392 1318 1593 1378 ductas
1615 1318 2096 1397 Canephororum
2121 1317 2342 1378 vicibus
2365 1317 2537 1378 func-

427 1407 518 1463 tas
543 1420 674 1463 esse
696 1401 985 1481 posueris·
1043 1402 1157 1463 Sed
1182 1402 1407 1463 videtur
1430 1402 1572 1463 mihi
1596 1403 1766 1463 etiam
1793 1403 2029 1464 Vitruvii
2053 1402 2333 1477 narratio,
2357 1402 2536 1463 modo

426 1488 629 1565 paucis
660 1488 971 1548 mutaveris
1000 1486 1226 1559 tradita,
1257 1487 1638 1564 probabiliter
1665 1506 1845 1566 posse
1871 1488 2165 1549 vindicari.

598 1572 684 1632 Ad
716 1572 925 1635 Persas
958 1571 1239 1633 defecisse
1269 1570 1484 1650 Caryas
1514 1572 1832 1633 absurdum
1864 1580 1979 1646 est,
2016 1573 2088 1633 ad
2121 1573 2401 1650 Tegeatas
2430 1569 2537 1631 ad-

426 1656 673 1716 modum
714 1655 1011 1736 probabile
1048 1664 1142 1717 est
1175 1656 1354 1735 idque
1391 1657 1543 1718 circa
1582 1656 1735 1717 idem
1777 1658 1944 1729 illud,
1986 1658 2057 1718 de
2096 1676 2212 1735 quo
2246 1656 2534 1716 Vitruvius

426 1740 689 1818 loquitur
709 1748 768 1802 et
797 1759 916 1819 quo
942 1740 1113 1801 etiam
1142 1741 1431 1821 porticum
1459 1741 1753 1802 Persicam
1786 1761 1816 1802 a
1842 1742 2146 1821 Spartanis
2179 1741 2534 1801 aedificatam

425 1825 611 1886 fuisse
640 1826 1056 1905 comperimus,
1086 1833 1340 1906 tempus,
1399 1826 1610 1887 Narrat
1636 1827 1791 1887 enim
1823 1827 2137 1887 Pausanias
2162 1825 2306 1898 vlu,
2339 1826 2440 1899 45,
2477 1826 2532 1897 1,

427 1909 809 1988 Tegeatarum
832 1911 1130 1988 regionem
1156 1910 1426 1987 primitus
1452 1911 1680 1971 vicatim
1701 1911 2012 1972 habitatam
2039 1930 2189 1982 esse,
2213 1926 2536 1987 eorumque

426 1995 689 2056 vicorum
722 2013 905 2056 unum
933 1995 1118 2055 fuisse
1140 1994 1350 2072 Caryas
1372 1999 1388 2035 ¹
1412 1996 1490 2070 ⁸),
1520 1996 1676 2073 quod
1700 1995 2100 2057 testimonium
2134 1995 2361 2072 egregie
2390 2012 2533 2055 cou-

427 2079 695 2140 firmatur
740 2080 848 2140 hac
893 2079 1089 2157 glossa
1130 2078 1324 2140 Photii
1365 2098 1418 2138 v.
1457 2074 1841 2158 Καρυάτεια
1868 2115 1954 2125 -
1982 2078 2102 2153 τας
2143 2074 2219 2140 δὲ
2262 2073 2534 2159 Καρύας

427 2154 767 2243 ,Ἀρκάδων
798 2154 998 2236 οὔσας
1022 2154 1431 2242 ἀπετέμοντο
1457 2157 2025 2243 Λακεδαιμόνιοι.
2084 2164 2224 2224 Inde
2247 2163 2534 2240 colligitur

428 2247 741 2327 Caryarum
763 2247 876 2308 fata
900 2248 1379 2308 coniunctissima
1399 2248 1584 2309 fuisse
1613 2268 1747 2310 cum
1781 2250 2023 2310 historia
2053 2249 2340 2309 bellorum
2373 2255 2534 2308 atro-

429 2331 804 2393 cissimorum
846 2338 903 2393 et
939 2333 1180 2394 diversis
1220 2334 1590 2412 temporibus
1635 2335 1784 2396 inter
1811 2334 2303 2395 Lacedaemonios
2331 2340 2390 2393 et
2414 2332 2535 2396 ,Te-

428 2424 620 2494 geatas
652 2425 972 2495 gestorum.
1032 2417 1130 2479 Sic
1157 2437 1229 2478 ex
1257 2418 1558 2479 Herodoto
1589 2429 1796 2480 notum
1828 2427 1920 2480 est
1952 2419 2021 2496 (1,
2053 2418 2134 2479 66
2166 2421 2309 2497 sq.),
2350 2417 2534 2495 Spar-—

424 2506 598 2562 tanos
627 2509 768 2581 post
797 2510 1046 2562 mortem
1074 2502 1316 2582 Lycurgi
1347 2522 1478 2564 cum
1507 2505 1773 2581 Tegeatis
1804 2504 2060 2584 primum
2090 2504 2333 2564 adverso
2357 2503 2536 2562 Marte

424 2585 697 2660 bellasse,
738 2587 977 2658 deinde,
1017 2597 1332 2666 postquam
1373 2607 1510 2649 ossa
1548 2588 1777 2650 Orestis
1818 2591 1879 2651 in
1919 2608 2091 2651 suum
2123 2608 2194 2649 ex
2223 2586 2529 2664 Tegeatico

426 2688 631 2749 agrum
659 2679 1212 2751 transportaverant,
1241 2673 1481 2733 meliore
1505 2691 1816 2748 successu3
1846 2675 2223 2751 eiusdemque
2245 2671 2379 2733 belli
2404 2689 2531 2731 me-

427 2756 676 2817 moriam
717 2757 873 2836 apud
915 2757 1197 2835 Tegeatas
1238 2757 1510 2817 floruisse
1556 2758 1873 2838 multisque
1912 2756 2310 2819 monumentis
2348 2762 2533 2816 testa-

426 2840 715 2903 tissimam
744 2842 929 2902 fuisse
963 2841 1220 2903 cernitur
1259 2861 1329 2903 ex
1357 2841 1647 2903 Pausania
1686 2843 1816 2923 (ΙΙΙ,
1849 2842 1915 2915 3,
1948 2844 2017 2918 53
2054 2843 2121 2915 7,
2152 2842 2221 2912 3,
2260 2840 2418 2902 unde
2460 2839 2532 2899 de

425 2926 791 3005 temporibus
830 2925 957 2987 eius
996 2926 1126 2987 belli
1156 2926 1476 2988 existimari
1504 2934 1727 3006 potest3
1768 2935 1826 2989 et
1853 2927 1913 2989 in
1943 2926 2383 3006 antiquitatibus
2414 2924 2535 2983 Te-

568 3160 649 3225 12)
686 3159 746 3211 L.
766 3177 810 3211 c.
828 3178 875 3228 p.
899 3160 994 3211 169
1020 3177 1048 3212 e
1071 3160 1208 3212 forse
1232 3162 1270 3212 il
1292 3178 1383 3213 suo
1452 3160 1501 3213 11³1
1526 3164 1691 3214 antico
1719 3164 1901 3229 tempio
1927 3179 1956 3213 e
1974 3162 2023 3213 le
2049 3162 2260 3228 scolpite
2278 3161 2535 3225 Cariatidi,

430 3228 521 3278 che
544 3244 606 3278 ne
633 3237 967 3280 sostenevano
991 3231 1061 3295 gli
1084 3231 1380 3293 architravi‚
1427 3247 1584 3280 urono
1610 3232 1660 3280 di
1686 3231 1800 3297 quel
1824 3231 2088 3281 medesimo
2114 3230 2285 3293 legno,
2311 3230 2358 3278 di
2383 3230 2461 3279 cui
2488 3228 2536 3278 la

430 3297 636 3358 regione
659 3297 963 3347 abbondava.
1014 3298 1087 3348 De
1112 3298 1303 3361 origine
1324 3299 1432 3348 eius
1453 3298 1617 3348 cultus
1643 3314 1691 3349 v.
1713 3299 1859 3349 Serv.
1884 3300 1946 3349 ad
1970 3297 2150 3360 Virgil.
2171 3297 2280 3347 Ecl.
2302 3294 2430 3357 Vlll,
2455 3294 2535 3361 30,

428 3364 558 3412 unde
593 3364 840 3427 cernitur,
876 3366 1004 3430 quod
1038 3367 1188 3416 etiam
1225 3366 1273 3415 in
1308 3365 1660 3416 saltationibus
1696 3366 2014 3432 Caryatidum
2048 3380 2341 3430 expressum
2375 3361 2535 3413 fuisse

429 3430 636 3496 scimus,
673 3432 799 3481 banc
832 3433 1121 3495 religionem
1148 3433 1335 3483 Dianae
1359 3434 1548 3499 aliquid
1577 3434 1797 3484 Bacchici
1822 3432 2007 3483 furoris
2041 3433 2303 3495 habuisse,
2338 3439 2391 3482 et
2414 3429 2534 3483 Vet.

427 3498 610 3563 interp.
637 3498 768 3550 Stat.
794 3497 950 3550 Theb.
978 3499 1071 3564 IV,
1106 3500 1233 3551 225:
1268 3500 1463 3566 Caryae
1497 3501 1732 3566 templum
1763 3502 1949 3552 Dianae
1982 3502 2033 3551 in
2066 3500 2285 3551 Laconia
2322 3513 2534 3560 sacrum,

428 3566 559 3630 quod
591 3566 742 3616 etiam
775 3566 1062 3632 Caryatium
1098 3563 1483 3637 (Καρυάτειον)
1520 3570 1822 3619 nominatum
1855 3576 1937 3619 est
1966 3584 2033 3619 ex
2064 3569 2156 3618 bac
2189 3581 2355 3618 causa.
2412 3565 2534 3615 Cum

426 3633 662 3683 luderent
694 3634 941 3698 virgineS,
974 3635 1232 3686 minitante
1265 3637 1409 3686 ruina
1442 3637 1530 3697 (al.
1555 3638 1824 3688 meditatus
1848 3638 2058 3700 ruinam)
2094 3637 2253 3687 omnis
2278 3638 2459 3687 chorus
2484 3635 2533 3683 in

427 3701 657 3752 arborem
691 3703 832 3751 nucis
855 3699 983 3766 fugit
1008 3704 1133 3754 etin
1159 3719 1295 3754 ramo
1322 3705 1430 3759 eius
1460 3706 1718 3770 pependit,
1754 3721 1896 3771 quam
1932 3721 2105 3756 nucem
2131 3703 2315 3757 Graeci
2347 3717 2534 3768 caryan

428 3776 629 3821 vocant.
678 3769 813 3832 Ergo
838 3770 900 3820 de
922 3771 1104 3822 arbore
1129 3779 1182 3822 et
1205 3772 1442 3836 templum
1467 3780 1521 3822 et
1545 3773 1634 3822 dea
1662 3789 1836 3823 nomen
1861 3774 2072 3838 accepit.

568 3837 649 3897 13)
690 3837 959 3906 Τεγεᾶται
982 3837 1044 3890 δὲ
1068 3837 1165 3890 ἐπὶ
1186 3836 1294 3907 μὲν
1320 3835 1600 3907 Τεγεάτου
1633 3840 1733 3890 τοῦ
1755 3836 2058 3897 Λυκάονος
2086 3840 2154 3909 τῇ
2170 3836 2334 3921 χώρᾳ
2359 3835 2537 3914 φασὶν

428 3899 529 3954 άτέ
561 3899 731 3955 αὐτοῦ
762 3907 1032 3974 γενέσθαι
1064 3901 1211 3976 μόνῃ
1237 3901 1299 3956 τὸ
1325 3900 1534 3976 ὄνομα,
1562 3910 1681 3965 τοῖς
1703 3907 1764 3959 δὲ
1798 3903 2129 3976 ἀνθρώποις
2156 3923 2293 3957 κατα
2325 3903 2538 3973 δημους

428 3970 573 4024 εἶναι
594 3969 694 4030 τὰς
719 3970 976 4038 οἰκήσεις,
1003 3970 1281 4042 Γαρεάτας
1302 3975 1396 4024 καὶ
1421 3976 1697 4032 Φυλακεῖς
1718 3977 1811 4027 καὶ
1834 3973 2135 4041 Καρυάτας
2156 3990 2214 4026 τε
2236 3972 2331 4025 καὶ
2348 3976 2536 4040 Κορυ-

427 4042 569 4104 θεῖς,
595 4038 674 4092 ἔτι
699 4040 762 4095 δὲ
786 4041 1120 4112 Πωταχίδας
1140 4042 1230 4094 καὶ
1256 4045 1596 4114 Μανθυρεῖς
1617 4045 1710 4094 καὶ
1734 4039 2056 4111 Ἐχευήθεις
2077 4049 2176 4093 etc.
