2867 4717
1294 1230 1441 1293 vn.

495 1373 607 1454 DE
659 1371 779 1455 vll
833 1371 1084 1456 SACRA
1136 1371 1567 1453 ELEUSlNlA
1619 1372 2089 1456 DlSPUTATlO
2139 1376 2221 1456 ll.

301 1578 475 1638 (ludex
502 1580 783 1631 scholarum
813 1581 861 1630 in
891 1580 1224 1631 universitate
1249 1580 1501 1629 litteraria
1532 1578 1780 1631 Caesarea
1810 1582 2111 1648 Dorpatensi
2138 1599 2231 1649 per
2254 1600 2417 1635 seme-

300 1654 407 1697 stre
432 1647 647 1698 alterum
672 1649 789 1698 anni
819 1646 1153 1698 MDCCCXLI
1181 1647 1530 1698 habendarum.
1577 1647 1801 1715 Dorpati‚
1827 1666 1893 1700 ex
1912 1647 2112 1702 officina
2136 1653 2417 1703 academica

942 1714 980 1765 I.
1011 1715 1066 1766 C.
1092 1716 1423 1766 Schiinmanni
1448 1715 1645 1767 viduae.
1683 1719 1785 1780 4⁰).

1516 1857 1557 1864 *-

479 1949 615 2028 Viae
638 1966 963 2028 Eleusiniae
984 1975 1366 2029 monumenta
1392 1986 1524 2028 cum
1550 1966 1870 2028 novissimo
1895 1967 2071 2028 iudici
2096 1968 2412 2046 proludens
2441 1988 2466 2027 s

295 2068 486 2129 usque
508 2051 579 2111 ad
601 2059 842 2130 pontem
868 2050 1139 2131 Cephissi
1162 2052 1538 2113 Atheniensis
1562 2059 1903 2132 persecutus
1929 2052 2062 2126 sim,
2086 2071 2244 2114 nunc
2266 2071 2415 2131 quae

295 2135 518 2214 reliqua
557 2143 698 2197 sunt
739 2136 1058 2197 illustrabo,
1130 2137 1280 2198 Silva
1321 2138 1441 2209 illa,
1487 2137 1558 2197 de
1596 2155 1709 2215 qua
1740 2136 1957 2198 dictum
1993 2145 2108 2209 est,
2154 2139 2412 2199 olearum

295 2219 466 2280 etiam
508 2220 578 2280 ad
622 2220 955 2282 ulteriorem
987 2222 1175 2300 ripam
1207 2223 1482 2301 pertinet,
1527 2222 1718 2282 donec
1746 2223 2009 2284 veniatur
2037 2223 2106 2283 ad
2139 2223 2411 2284 sacellum

296 2304 358 2364 S.
392 2304 623 2383 Georgii
646 2309 732 2381 1),
772 2306 932 2365 unde
962 2307 1179 2384 apertis
1210 2307 1479 2387 antiquae
1507 2306 1630 2368 viae
1659 2306 1918 2384 vestigiis
1948 2326 2053 2386 per
2082 2308 2208 2368 loca
2239 2308 2409 2368 steri-

290 2389 439 2449 liora
456 2391 514 2465 2)
533 2390 895 2492 proceditur.
941 2390 1262 2452 Pausanias
1294 2398 1569 2471 superato
1592 2398 1775 2471 ponte
1796 2411 1952 2452 aram
1980 2399 2230 2452 veterem
2256 2391 2409 2452 Iovis

290 2469 626 2552 μειλιχιου
670 2482 897 2536 exstare
937 2483 1162 2548 narrat,
1206 2477 1276 2538 ad
1319 2495 1495 2556 quam
1539 2476 1808 2536 Theseus
1841 2494 1872 2535 a
1903 2476 2127 2556 Phytali
2158 2476 2409 2555 posteris

291 2559 365 2619 de
387 2560 559 2619 caede
587 2559 744 2620 Sinis
774 2559 883 2620 sibi
902 2561 1220 2639 propinqui
1240 2568 1525 2641 purgatus
1550 2580 1682 2621 esse
1702 2561 1939 2622 dicatur.
1972 2561 2191 2621 Ibidem
2211 2561 2410 2639 sepul—

291 2662 392 2704 cra
422 2643 770 2705 Theodectis
795 2644 1114 2706 Phaselitae
1143 2654 1201 2707 et
1223 2646 1545 2720 Mnesithei‚
1576 2645 1786 2706 medici
1818 2646 1953 2705 olim
1985 2645 2217 2718 famosi,
2250 2646 2410 2705 inve-

288 2727 432 2801 niri3
485 2728 759 2807 deinceps
812 2730 1014 2791 aedem
1067 2748 1190 2791 non
1235 2749 1505 2809 magnam
1558 2730 1628 2790 ad
1668 2730 1816 2789 viam
1857 2729 2214 2790 aedificatam
2256 2748 2408 2802 esse,

288 2812 583 2891 Cyamitae
636 2813 983 2884 dedicatam,
1039 2835 1156 2894 quo
1199 2817 1440 2875 nomine
1485 2814 1712 2875 dubitat
1749 2820 1947 2874 utrum
1991 2813 2294 2873 hominem
2336 2832 2409 2875 an

286 2898 531 2958 heroem
572 2898 922 2976 appellatum
965 2899 1151 2960 fuisse
1192 2907 1437 2961 censeat.
1508 2900 1648 2960 Eam
1680 2898 1879 2959 aedem
1914 2898 2160 2959 Leakius
2195 2897 2407 2958 ibidem

286 2980 464 3045 sitam
494 2982 680 3042 fuisse
708 2983 1016 3056 existimat,
1047 2984 1145 3045 ubi
1174 3003 1330 3046 nuuc
1353 2984 1753 3063 conspiciatur
1776 2984 2047 3045 sacellum
2075 2985 2134 3043 S.
2161 2983 2410 3061 Georgii,

284 3074 358 3128 ut
387 3074 574 3127 cetera
607 3074 986 3129 monumenta
1017 3071 1168 3130 intra
1199 3069 1399 3131 silvam
1432 3069 1760 3148 quaerenda
1791 3069 1926 3129 sint.
1988 3067 2318 3147 Phytalidas
2350 3068 2410 3127 in

284 3159 576 3231 promptu
604 3159 696 3213 est
724 3153 890 3232 quasi
914 3154 1154 3215 Satores
1185 3154 1375 3215 dictos
1408 3173 1538 3215 esse
1569 3146 1710 3215 ἀπὸ
1738 3149 1858 3214 τοῦ
1888 3148 2209 3236 φυτεύειν.
2256 3152 2405 3224 Quid
2442 3174 2472 3213 4

282 3235 673 3315 plantaverint
708 3237 760 3296 si
793 3257 1068 3315 quaene,
1106 3247 1406 3301 memento
1440 3240 1584 3300 ficus
1617 3255 1836 3308 sacrae,
1869 3256 1900 3298 a
1932 3237 2139 3297 Cerere
2167 3235 2408 3314 Phytalo

282 3321 510 3399 hospiti
552 3322 832 3395 donatae3
880 3341 1055 3402 quam
1104 3323 1377 3384 arborem
1424 3342 1558 3384 cum
1604 3329 1833 3383 constet
1871 3321 2165 3382 lustralem
2203 3321 2408 3394 fuisse,

285 3405 465 3466 simul
495 3406 568 3466 de
595 3406 803 3467 februo
835 3426 865 3466 a
896 3407 1215 3487 Phytalidis
1263 3407 1523 3470 adhibito
1556 3414 1818 3485 apertum
1850 3407 2036 3483 est3).
2097 3406 2164 3466 In
2197 3406 2410 3467 Thesei

285 3496 484 3551 autem
525 3490 717 3551 fabula
758 3490 896 3553 illud
937 3492 1194 3553 notabile
1234 3501 1345 3567 est,
1391 3493 1548 3571 quod
1592 3492 1652 3552 in
1684 3491 1957 3553 ulteriore
1989 3491 2253 3569 Cephissi
2283 3491 2409 3571 ripa

1327 3591 1368 3612 Q

429 3658 475 3720 1)
513 3658 597 3708 Sic
621 3658 855 3708 Leakius.
906 3660 1007 3710 Alii
1032 3662 1270 3712 sacellum
1295 3661 1554 3727 appellant
1577 3660 1630 3710 S.
1657 3660 1828 3711 Blasii.
1879 3660 1950 3709 De
1977 3660 2107 3709 omni
2133 3659 2294 3709 silvae
2319 3674 2411 3708 ex-

281 3726 516 3775 tensione
552 3728 713 3791 deque
747 3728 982 3778 arborum
1014 3736 1194 3780 natura
1231 3737 1381 3795 atque
1405 3735 1661 3779 vestutate
1685 3745 1735 3777 v.
1764 3733 1894 3777 text.
1920 3728 2121 3792 Antiqq.
2147 3727 2251 3776 Att.
2276 3726 2408 3774 iued.

278 3809 334 3859 P·
362 3793 391 3842 7
418 3795 744 3924 {3133ssth
776 3864 875 3914 Hat
897 3879 1007 3913 man
1033 3865 1126 3915 den
1156 3865 1521 3928 immergriinen
1549 3862 1866 3914 Olivenwald
1890 3862 2311 3922 durchschritten,
2351 3875 2407 3909 so

279 3929 416 3979 wird
448 3930 529 3978 die
565 3929 769 3993 Gegend
806 3931 923 3980 kabl
953 3933 1051 3981 und
1087 3948 1182 3982 nur
1213 3933 1410 3983 Distelu
1444 3933 1675 3981 wachseu
1709 3932 1793 3980 bin
1824 3930 1924 3979 und
1958 3929 2149 3979 wieder
2180 3927 2270 3977 auf
2298 3927 2405 3977 dem

280 3997 472 4047 diirren
499 3999 746 4061 steinigen
775 4000 957 4048 Bodeu.

422 4064 472 4128 3)
510 4065 573 4116 V.
601 4066 726 4117 Lob.
754 4068 866 4131 Agl.
894 4082 941 4133 p.
969 4067 1094 4128 7033
1121 4066 1329 4118 Bossler
1352 4068 1413 4118 de
1439 4073 1599 4130 gentt.
1625 4074 1679 4116 et
1697 4065 1810 4115 fam.
1832 4064 1940 4113 Att.
1962 4064 2155 4113 sacerd.
2176 4079 2225 4129 p.
2245 4061 2304 4111 51
2329 4078 2403 4129 sq.
