2867 4717
869 448 1343 515 grammaticae
1392 450 1836 519 Byzantinus.
2345 453 2415 507 85

267 602 641 681 Sequuntur
681 602 892 664 deinde
930 605 1134 666 eodem
1185 625 1302 685 quo
1333 608 1488 687 apud
1520 607 1845 669 Bekkerum
1877 614 2151 669 contextu
2183 627 2241 687 p.
2274 610 2417 683 761,

269 686 568 748 20—31
603 694 662 748 et
692 687 841 761 762,
878 689 1214 764 14-763,
1246 690 1283 751 8
1314 691 1495 752 Bekk.
1556 692 1715 752 Inter
1743 692 2036 753 sectiones
2068 687 2224 775 περὶ
2269 710 2416 754 στι-

272 767 464 854 γμῆς
507 778 568 832 et
609 765 744 832 τίνι
790 768 1097 855 διαφέρει
1144 772 1384 858 στιγμὴ
1417 766 1833 859 ὖποστιγμῆς
1862 795 2053 854 neque
2084 776 2142 836 in
2175 778 2413 839 scholiis

271 857 707 934 grammaticae
738 856 1110 935 distinguitur
1137 877 1326 938 neque
1356 861 1416 920 in
1448 861 1573 940 ipsa
1604 860 2000 938 grammatica.

467 946 503 1016 ξ
547 941 604 1001 6.
659 935 817 1023 περὶ
861 935 1245 1026 ραψῳδίαςε
1297 946 1354 1018 1)
1395 945 1505 1006 Μ8.
1547 964 1605 1024 p.
1656 944 2006 1005 130—133
2050 945 2178 1005 sine
2207 946 2417 1006 inscri-

273 1025 533 1102 ptione3
562 1044 654 1104 ap.
686 1024 866 1085 Bekk.
895 1045 953 1106 p.
988 1028 1129 1101 765,
1162 1028 1500 1101 25—-768,
1533 1030 1631 1100 20,
1662 1029 1758 1108 qui
1782 1037 1975 1090 tamen
2000 1029 2201 1090 omisit
2223 1029 2417 1090 locum

275 1109 358 1169 de
407 1109 703 1169 Pisistrati
745 1111 954 1171 studiis
995 1111 1353 1182 Homericis,
1405 1112 1732 1174 breviorem
1787 1120 1960 1192 atque
1998 1113 2414 1192 simpliciorem
2446 1135 2495 1173 21

276 1194 493 1264 altero,
528 1212 704 1271 quem
736 1194 915 1256 edidit
941 1215 998 1275 p.
1032 1196 1174 1269 766,
1207 1197 1550 1276 inscriptum
1582 1192 1743 1300 περὶ
1772 1190 2125 1281 ῥαψῳδίας
2153 1193 2269 1258 καὶ
2300 1189 2417 1259 ἅλ-

277 1274 437 1351 λως.
507 1279 885 1357 Explicantur
914 1279 1087 1341 verba
1117 1280 1394 1360 Dionysii,
1424 1278 1745 1364 ραψῳδια
1787 1275 1933 1343 ἐστὶ
1978 1276 2177 1363 μέρος
2205 1277 2417 1365 ποιή-

278 1381 502 1440 ματος
531 1370 640 1458 etc5
702 1364 1069 1465 Adnotantur
1096 1366 1265 1467 haec:
1294 1362 1411 1449 τὴν
1456 1359 1809 1460 ῥαψῳδίαν
1831 1361 1950 1465 3σξαιῖ
1982 1357 2178 1466 αὐτὸς
2206 1385 2417 1467 παρε-

278 1443 912 1614 Ἔξὲἷῗζωῖῥάῖῖζῗ
944 1444 1722 1612 εἷιέῗὲῗνῗςώῖαὲἒῖιῗῗ
1757 1470 1864 1595 τί]
1879 1468 2415 1612 κζῖἕσῖεῖέῖαῖἱζ

316 1610 534 1698 πειδή
585 1612 671 1675 τά
722 1606 853 1700 ἔπη
906 1612 1356 1699 συρράπτεται
1404 1611 1480 1679 ἔκ
1523 1638 1596 1678 τε
1641 1613 1986 1716 διαφόρων
2027 1614 2259 1692 λέξεων
2300 1614 2417 1680 καὶ

283 1694 614 1803 ῥημάτων
664 1694 780 1761 καὶ
816 1694 1046 1803 κοὕτίος
1100 1695 1524 1847 ἐξυίφαίνεται
1575 1697 1674 1804 τοὶΧ
1714 1723 1830 1784 της
1883 1695 2326 1805 ὖποιῆέσειρῇ
2370 1693 2415 1784 ἢ

281 1797 836 1930 ῗγῗῗέειῖἵυσᾈῖῗῗ
888 1782 1211 1972 ῥὲῗδξὲρ,
1243 1806 1713 1955 αῗέζιᾜίἕιῖῗς
1726 1783 2115 1945 ᾱῗῖᾝῖἔῖξ
2156 1806 2247 1930 fc}
2283 1805 2418 1931 Ἥ.

274 1945 605 2035 Ὁμήρου·
648 1948 800 2014 τότε
844 1950 964 2034 γάρ
1012 1974 1087 2015 ου
1135 1973 1173 2035 γ
1217 1953 1356 2039 αφῆ
1401 1949 1832 2037 παρεδίδοτο,
1884 1946 2051 2014 ἄλλα
2093 1947 2261 2036 μόνῃ
2309 1953 2418 2014 δι-

287 2029 628 2120 δασκαλίᾳ
671 2031 789 2098 καὶ
833 2029 924 2112 (ὃς
967 2029 1048 2098 ἂν
1077 2059 1161 2118 μν
1206 2018 1494 2124 μῃ’μόνῃ
1524 2032 1945 2122 ἐφυλάττετο.
2011 2030 2418 2120 Πεισίστρα-

284 2141 405 2193 τος
461 2114 539 2182 δέ
585 2141 690 2194 τις
745 2113 1125 2205 Ἀθηναίων
1178 2118 1512 2205 τύραννος,
1569 2119 1638 2184 ἐν
1690 2115 1949 2184 ἅπασιν
2002 2112 2093 2182 ὢν
2136 2114 2414 2205 εὐγενής,

284 2200 407 2266 καὶ
459 2196 529 2265 ἓν
577 2202 771 2267 τοῦτο
822 2203 1218 2286 θαυμαστὸν
1270 2202 1735 2286 ἐβουλεύσατο·
1789 2199 2084 2291 ἠθέλησε
2134 2204 2257 2288 γὰρ
2301 2206 2417 2268 καὶ

284 2285 408 2372 τὴν
442 2280 724 2437 Ὁμίτξρου
769 2284 1047 2374 ποίησιν
1090 2284 1419 2376 ἔγγραφον
1451 2286 2049 2376 διαφυλάττεσθαι.
2125 2288 2413 2374 προθεὶς

289 2365 520 2454 ἇγῶνα
605 2370 890 2458 ημοτελῆ
932 2371 1049 2436 καὶ
1092 2372 1372 2459 κηρύξας
1411 2372 1530 2437 καὶ
1576 2373 1730 2450 δούς
1774 2368 2006 2438 ὄίδειαν
2032 2376 2174 2450 τοῖς
2198 2368 2410 2437 εἰδόσι

287 2451 413 2518 καὶ
472 2452 901 2537 βουλομένοις
950 2456 1035 2520 τοὶ
1071 2451 1355 2544 Ὁμήρου
1400 2455 1947 2535 ἐπιδείκνυσθαι,
2002 2456 2118 2521 καὶ
2161 2456 2416 2539 μισθὸν

287 2536 501 2616 τάξας
553 2535 777 2621 στίχου
832 2535 1111 2606 ἑκάστου
1168 2537 1428 2624 ὀβολόν,
1485 2539 1842 2628 συνήγαγεν
1885 2537 2254 2624 ὁλοσχερεῒς
2293 2540 2415 2616 τοὶς

289 2622 509 2702 λέξεις
550 2621 666 2688 καὶ
698 2621 1077 2708 παρέδωκεν
1105 2620 1516 2714 ἀνθρώποις,
1548 2621 1637 2703 ὠς
1662 2626 1742 2691 τὸ
1771 2622 2159 2731 ἐπίγραμμα
2192 2625 2411 2710 δηλοῖ·

464 2704 608 2791 τρίς
649 2732 732 2790 με
774 2707 1255 2795 τυραννήσαντα
1295 2708 1694 2785 τοσαυτάκις
1735 2708 2059 2786 ἐξετιναξε
2088 2711 2241 2787 (sic).

466 2796 683 2857 Eadem
710 2796 888 2857 edidit
908 2797 1263 2858 Villoisonus
1286 2799 1503 2858 Anecd.
1532 2797 1630 2856 Gr.
1654 2796 1726 2871 11,
1750 2816 1808 2874 p.
1840 2795 1957 2855 182
1978 2802 2100 2854 not.
2131 2798 2159 2854 1
2191 2813 2258 2855 ex
2283 2795 2411 2854 cod.

292 2880 473 2940 Marci
508 2879 655 2951 189,
701 2881 801 2941 sed
833 2880 1006 2959 longe
1038 2882 1391 2959 corruptius,
1454 2881 1647 2941 Utitur
1675 2878 1746 2940 iis
1778 2879 2023 2939 Wolfius
2054 2879 2114 2938 in
2145 2878 2412 2956 Prolegg.

292 2983 354 3043 p.
391 2963 677 3024 LXXVIII
706 2972 830 3026 not.
877 2964 958 3026 39
1000 2973 1058 3027 et
1096 2986 1153 3045 p.
1195 2965 1469 3026 CXLVIII
1503 2972 1625 3025 not.
1667 2963 1724 3025 9.
1795 2965 1863 3024 In
1908 2964 2015 3024 Ms.
2049 2964 2245 3024 statim
2277 2971 2417 3041 post

292 3050 456 3109 hunc
482 3051 678 3108 locum
710 3057 1040 3129 sequuntur
1068 3070 1214 3130 quae
1243 3051 1422 3111 edidit
1451 3050 1747 3110 Bekkerus
1787 3068 1846 3126 p.
1882 3048 2032 3118 768,
2075 3048 2250 3108 22—
2271 3048 2413 3122 769,

194 3185 198 3189 .
293 3133 363 3206 23
409 3133 473 3207 2)
506 3130 621 3194 καὶ
668 3123 899 3207 ἄλλως,
941 3128 1351 3219 Πορφυρίου,
1397 3135 1504 3194 Ms.
1541 3154 1597 3212 p.
1642 3131 2023 3204 134—-136,
2071 3131 2227 3209 apud
2257 3130 2414 3191 Bek-

291 3218 504 3278 kerum
537 3217 716 3278 divisa
748 3237 805 3296 p.
839 3218 981 3291 769,
1011 3218 1264 3291 4-33,
1312 3218 1454 3292 770,
1499 3216 1826 3291 18-772,
1858 3216 1915 3275 2.

468 3304 504 3375 ξ
538 3303 593 3363 7.
639 3299 798 3383 περὶ
841 3294 1200 3378 στοιχείων.
1270 3294 1755 3378 Μελάμποδος.
1820 3300 1927 3359 Ms.
1964 3317 2020 3377 p.
2059 3299 2412 3371 136—151,

292 3404 444 3464 quae
467 3385 767 3447 Bekkerus
799 3386 996 3446 multis
1024 3387 1170 3447 locis
1195 3385 1507 3457 distribuit,
1538 3404 1595 3463 p.
1632 3384 1775 3459 772,
1808 3384 2140 3459 26—778,
2169 3384 2234 3457 33
2268 3384 2411 3461 780,

293 3469 554 3542 7-31,
596 3470 748 3545 788,
781 3470 1120 3544 27-789,
1154 3473 1222 3542 4,
1252 3469 1396 3544 789,
1430 3468 1760 3543 20—790,
1799 3468 1903 3542 19,
1937 3468 2078 3543 795,
2112 3469 2415 3537 91-26,

295 3554 441 3629 796,
477 3554 771 3627 26-31,
809 3554 952 3629 797,
982 3555 1258 3625 15-17,
1298 3553 1582 3627 24—335
1616 3552 1891 3624 19-233
1924 3552 2068 3628 798,
2106 3552 2410 3627 13-799,

294 3639 413 3711 27;
444 3637 589 3713 801,
627 3638 858 3713 1--19;
885 3637 1028 3714 802,
1058 3637 1296 3710 1--283
1341 3638 1482 3708 803,
1513 3639 1750 3710 5--153
1782 3637 1923 3710 803,
1956 3636 2234 3708 29-—323
2266 3636 2411 3710 805,

294 3722 536 3793 4-16;
568 3722 847 3794 23-29;
880 3723 1022 3797 806,
1060 3722 1333 3794 14-26;
1367 3721 1507 3795 808,
1541 3721 1812 3795 9-809,
1845 3723 1918 3793 2;
1958 3721 2236 3793 14--213
2271 3719 2412 3790 810,

297 3806 592 3881 5—-812,
626 3807 693 3880 2,
725 3807 866 3882 813,
905 3807 1231 3882 19—-814,
1270 3808 1376 3878 15,
1410 3806 1554 3879 816,
1595 3802 2410 3879 11-253817,17-819‚

295 3891 353 3950 6.
432 3890 531 3950 Sic
582 3891 726 3952 haec
767 3899 1094 3969 sequuntur
1132 3898 1190 3951 et
1233 3891 1428 3951 omnia
1468 3898 1607 3950 sunt
1643 3889 2040 3967 Melampodis,
2112 3888 2411 3948 Bekkerus

295 3974 536 4035 nonnisi
566 3975 759 4052 primo
791 3976 1118 4053 fragmento
1148 3992 1368 4034 nomen
1398 3974 1780 4053 Melampodis
1812 3972 2103 4051 apposuit.

466 4059 735 4138 Longum
781 4068 872 4122 est
915 4060 1109 4121 omnia
1148 4059 1420 4139 persequi
1462 4067 1521 4118 et
1563 4057 1861 4118 sufficiunt
1889 4057 2032 4115 haec
2060 4055 2132 4117 ad
2161 4056 2217 4116 id
2249 4057 2406 4135 quod
2438 4084 2489 4121 22
