2867 4717
453 396 522 452 72
1052 395 1511 465 Quaestiones
1549 394 1627 453 de
1662 394 1965 452 historia

447 571 508 633 p.
539 552 579 614 4
609 552 701 615 ed.
722 550 914 613 Bekk.
945 559 1002 613 et
1032 550 1299 614 Gramm.·
1320 570 1380 632 p.
1412 551 1556 614 640.
1606 551 1711 628 [Cf.
1732 550 1959 614 Lehrsii
1990 550 2244 616 analecta
2271 567 2567 629 gramma-

445 635 560 699 tica
613 656 672 715 p.
718 635 794 698 13
809 638 956 716 sqq.]
1055 635 1450 698 Nihilominus
1497 636 1691 696 solent
1740 635 1914 698 etiam
1963 652 2123 698 nunc
2173 633 2273 713 qui
2323 642 2570 698 utuntur

447 720 828 801 grammatica
865 721 1299 782 Aristarcheum
1340 719 1685 800 Dionysium
1730 719 2044 799 appellare,
2097 718 2252 780 velut
2289 718 2594 781 Osannus-
2667 765 2672 770 -

444 806 630 886 praef.
652 824 709 883 p.
732 803 876 876 XIV,
904 804 1149 867 Classen
1172 805 1247 865 de
1274 804 1561 884 primord.
1594 822 1839 882 gramm.
1870 822 1955 883 gr.
1979 823 2039 883 p.
2063 802 2140 874 81
2168 821 2277 882 sq„
2301 804 2571 866 Schmidt

446 890 632 953 doctr.
654 896 878 968 tempp.
901 888 1058 949 verbi
1082 908 1166 968 gr.
1187 896 1245 949 et
1266 888 1363 951 lat.
1383 890 1537 950 Part.
1556 888 1599 962 1,
1620 909 1678 968 p.
1707 890 1802 963 17,
1824 888 2045 950 Lersch
2070 888 2440 968 Sprachpbil.
2463 888 2569 950 der

444 975 615 1036 Alten
632 993 693 1053 p.
715 973 827 1047 783
848 981 908 1034 et
925 973 1096 1035 audio
1115 973 1400 1035 vindicem
1412 972 1762 1035 Aristarchei
1783 973 2074 1035 exstitisse
2087 973 2567 1038 Schoemannum

446 1060 509 1120 in
536 1057 723 1139 praef.
753 1057 873 1119 ind.
899 1058 1053 1120 lectt.
1084 1058 1395 1137 Gryphisv.
1429 1058 1613 1141 1823}
1676 1058 1854 1120 Cuius
1887 1058 2130 1137 scriptio
2174 1075 2307 1118 cum
2337 1075 2464 1118 non
2492 1056 2567 1121 ad

443 1160 689 1205 manum
709 1141 803 1214 sit,
813 1142 953 1203 nolo
973 1154 1096 1208 r'em
1119 1142 1459 1216 diiudicare3
1483 1144 1586 1204 sed
1605 1142 1803 1204 malim
1816 1143 1981 1222 sequi
1993 1142 2344 1204 sententiam
2362 1140 2568 1202 Goett-

442 1227 622 1306 lingii,
649 1244 799 1305 opus
822 1226 1125 1288 conditum
1145 1245 1275 1288 esse
1290 1227 1416 1288 fere
1433 1226 1643 1288 iisdem
1661 1227 2028 1305 temporibus
2050 1226 2264 1306 quibus
2278 1226 2568 1286 Constan-

443 1312 604 1374 tinus
615 1312 692 1373 M.
705 1311 904 1373 urbem
926 1329 1092 1372 suam
1114 1318 1422 1372 ornaverat
1442 1312 1681 1390 collegio
1702 1312 2011 1374 doctorum
2032 1310 2565 1383 oecumenicorum,

445 1396 517 1458 ad
542 1395 985 1474 similitudinem
1012 1397 1302 1474 quandam
1334 1396 1522 1457 Musei
1552 1396 1923 1459 Alexandrini
1945 1396 2234 1469 instituto,
2257 1396 2328 1455 de
2352 1394 2565 1474 quibus

443 1487 680 1560 praeter
707 1479 1121 1558 Goettlingium
1150 1500 1202 1541 v.
1234 1480 1578 1560 Bernhardy
1607 1480 1941 1542 Grundriss·
1959 1481 2065 1542 der
2094 1480 2319 1541 Griech.
2353 1480 2487 1541 Litt.
2518 1480 2564 1551 1,

441 1583 503 1644 p.
538 1565 679 1626 472.
740 1565 854 1637 Qui
883 1564 1155 1625 doctores
1187 1583 1320 1626 cum
1350 1565 1503 1626 inter
1531 1565 1670 1626 alias
1703 1565 2034 1645 disciplinas
2066 1564 2239 1625 etiam
2270 1582 2570 1641 gramma-

441 1649 620 1710 ticam
641 1649 957 1722 traderent,
988 1649 1386 1729 antiquiorum
1420 1650 1936 1727 grammaticorum
1968 1650 2096 1710 sine
2128 1648 2305 1712 dubio
2330 1646 2568 1725 vestigia

443 1739 777 1807 tenuerunt,
804 1751 1003 1794 verum
1035 1734 1130 1808 ita,
1158 1741 1225 1795 ut
1250 1751 1375 1794 non
1405 1735 1568 1796 solos
1597 1734 2002 1796 Aristarcheos
2032 1740 2432 1812 sequerentur,
2461 1731 2565 1798 sed

449 1817 683 1880 Stoicos
704 1819 759 1893 1)
794 1818 993 1891 etiam,
1035 1818 1135 1897 qui
1172 1818 1372 1880 multis
1404 1818 1476 1879 ab
1504 1818 1615 1879 illis
1647 1819 2091 1890 dissentiebant,
2131 1817 2381 1878 maxime
2418 1816 2568 1877 defi-

442 1901 766 1964 nitionibus
796 1909 855 1962 et
884 1902 1267 1964 divisionibus
1299 1903 1477 1964 artis
1508 1921 1682 1982 quam
1712 1903 1829 1982 ipsi
1859 1901 2244 1982 appellabant,
2277 1919 2410 1970 cum
2432 1900 2583 1964 Ari-⁴

444 1987 697 2048 starchei
749 1986 1172 2048 contenderent
1221 1988 1656 2065 grammaticam
1709 1987 1792 2048 nil
1849 1987 1964 2048 nisi
2014 1976 2368 2067 ἐμπειρίαν
2417 2004 2563 2048 esse.

445 2071 626 2133 Cuius
688 2070 1077 2132 dissensionis
1137 2089 1269 2132 cum
1323 2072 1506 2133 multa
1555 2072 1792 2150 vestigia
1842 2072 1962 2133 sint
2012 2072 2166 2151 apud
2219 2070 2565 2148 interpretes

447 2155 885 2234 grammaticae,
935 2161 1060 2215 tum
1113 2154 1337 2216 videtur
1386 2174 1578 2235 neque
1616 2156 1805 2236 ipsius
1844 2155 2253 2235 grammaticae
2297 2154 2568 2215 conditor

446 2246 619 2301 utros
649 2245 995 2318 sequeretur
1022 2240 1083 2299 in
1113 2239 1414 2318 explorato
1439 2240 1736 2317 habuisse,
1768 2241 2054 2319 siquidem
2086 2239 2301 2318 inipso
2327 2238 2565 2299 exordio

448 2324 645 2403 operis
679 2325 1056 2402 grammatica
1085 2323 1341 2402 primum
1372 2325 1617 2404 ponitur
1646 2345 1778 2386 esse
1806 2317 2157 2405 ἐμπειρία,
2188 2322 2399 2385 deinde
2426 2341 2564 2384 vero

443 2408 716 2487 leguntur
772 2408 940 2481 haec,
1015 2397 1052 2469 ‘o'
1110 2403 1190 2490 δή
1243 2401 1602 2470 κάλλιστόν
1652 2404 1796 2472 ἐστι
1846 2407 1995 2470 τῶν
2046 2401 2122 2471 ἓν
2176 2404 2259 2504 τῇ
2306 2401 2563 2491 τέχνῃ,

446 2492 658 2571 quibus
718 2499 882 2570 patet
936 2492 1374 2570 grammaticam
1434 2493 1642 2555 subiici
1694 2494 1925 2556 Stoicae
1974 2492 2072 2554 isti
2123 2491 2354 2553 notioni
2404 2493 2564 2553 artiS.

445 2576 684 2638 Accedit
706 2577 863 2655 quod
886 2576 1041 2637 nulla
1065 2576 1238 2637 huius
1263 2578 1672 2654 grammaticae
1695 2579 1848 2657 apud
1874 2578 2230 2657 antiquiores
2252 2578 2308 2651 2)
2343 2578 2564 2640 mentio

447 2668 555 2735 est,
587 2668 818 2722 constat
844 2679 980 2721 vero
1011 2661 1320 2740 Byzantios
1353 2681 1384 2721 a
1413 2663 1620 2740 primis
1650 2662 2017 2741 temporibus
2050 2680 2235 2740 usque
2264 2661 2335 2721 ad
2365 2661 2565 2723 ultima

444 2765 512 2806 ea
554 2746 679 2807 sola
717 2753 997 2825 tanquam
1035 2745 1417 2806 fundamento
1450 2765 1595 2808 usos
1627 2766 1789 2820 esse,
1829 2754 1896 2808 ut
1924 2745 2058 2807 illuc
2086 2747 2371 2807 referrent
2400 2747 2565 2825 quic-

445 2830 582 2911 quid
616 2831 677 2891 in
706 2829 1079 2908 grammatica
1110 2838 1400 2909 saperent,
1430 2831 1889 2910 prolegomenis,
1924 2831 2194 2904 scholiiS,
2225 2831 2565 2908 appendici-

442 2914 556 2976 bus
607 2914 784 2974 variis
834 2914 1103 2986 adiectiS,
1159 2929 1304 2991 quae
1345 2917 1722 2993 grammatica
1763 2916 1853 2977 illa
1890 2924 2165 2995 tanquam
2207 2922 2408 2975 centro
2451 2933 2561 2977 suo

446 2997 1044 3077 comprehenduntur.
1106 2997 1203 3057 Sic
1245 2999 1462 3059 mirum
1504 2999 1641 3060 illud
1685 3019 1901 3079 corpus
1943 3000 2383 3078 grammaticum
2417 3018 2565 3061 con-

444 3083 632 3144 ditum
663 3090 782 3159 est,
826 3082 984 3160 quod
1021 3081 1341 3144 multorum
1374 3082 1641 3144 codicum
1673 3084 1787 3145 fide
1816 3085 1885 3145 ad
1919 3103 2030 3147 nos
2066 3083 2361 3163 pervenit3
2405 3085 2563 3163 quod

442 3166 743 3230 Bekkerus
774 3166 955 3227 edidit
981 3166 1263 3227 membris
1294 3168 1479 3247 magis
1504 3168 1831 3248 discerptis,
1861 3187 2033 3249 quam
2060 3170 2131 3230 ad
2153 3167 2429 3230 historiae
2454 3169 2563 3229 ob-

492 3355 573 3360 ᾼ-κ-
583 3354 846 3361 -—.—.-.—--—-—

582 3484 628 3546 1)
666 3482 839 3550 Nuper
862 3484 924 3534 de
950 3486 1028 3534 his
1052 3486 1236 3551 prodiit
1259 3486 1392 3536 liber
1415 3486 1696 3552 Sabmiani,
1722 3488 2023 3551 [Stoicorum
2047 3490 2395 3553 grammatica,
2420 3489 2561 3540 Halis

445 3551 616 3615 1839‚]
640 3552 720 3617 qui
746 3552 958 3602 nondum
983 3555 1044 3602 ad
1068 3568 1145 3603 me
1170 3563 1494 3619 pervenerat.

579 3620 630 3683 2)
669 3618 849 3669 Mirum
885 3621 1012 3686 quod
1050 3622 1226 3671 scribit
1249 3622 1468 3673 Seboell.
1497 3622 1677 3673 Gesch.
1705 3624 1751 3674 d.
1778 3623 1866 3673 Gr.
1893 3623 2015 3674 Litt.
2049 3624 2127 3673 ed.
2152 3623 2337 3674 Pinder
2358 3619 2474 3674 Vol.
2499 3621 2560 3686 Π,

441 3703 489 3753 p.
514 3687 630 3748 554,
654 3687 740 3737 ubi
758 3688 865 3768 agit
880 3689 940 3767 de
961 3689 1202 3768 Diopysio
1223 3689 1444 3768 Thrace:
1471 3690 1544 3740 Er
1569 3689 1765 3770 schrieb
1785 3691 2025 3769 die-erste
2046 3690 2372 3771 Gurammatik,
2399 3691 2560 3758 τέχνη

439 3756 1138 3885 ζὸἔέἷέΐὲἧῖὲέὲῖοῗῖξᾎῖἓ
1158 3756 1255 3872 3335,
1281 3758 1928 3876 Ξῗὲἒῐῗᾱὲἱῖξὲξὲῗέἑῖἵ,
1936 3760 2052 3876 13¹3?
2057 3760 2564 3876 tsstlsffizffiiz

441 3891 645 3940 worden
671 3891 755 3940 ist.
805 3889 1058 3952 Cogitavit
1082 3892 1143 3939 de
1169 3890 1453 3941 Theodosio
1478 3892 1848 3955 Alexandrino,
1869 3894 1952 3961 qui
1976 3902 2157 3957 tamen,
2185 3895 2380 3945 etiamsi
2405 3893 2562 3943 fuerit

441 3957 780 4007 Alexandriae
813 3958 1082 4021 oriundus,
1119 3965 1287 4008 aetate
1324 3966 1488 4009 tamen
1521 3967 1671 4027 atque
1708 3962 2027 4013 successione
2062 3977 2152 4012 sua
2177 3962 2438 4029 Byzantiis
2470 3961 2559 4010 ad-

444 4026 774 4075 numerandus
801 4031 894 4085 est,
922 4026 1119 4080 minime
1142 4026 1522 4081 Alexandrinis.
