2867 4717
449 403 518 458 76
1024 403 1480 472 quaestiones
1526 403 1604 459 de
1650 402 1953 459 historia

443 553 627 623 ἐστιν
676 549 1219 637 ἀμετάπταιστος
1262 551 1300 624 ὁ
1345 554 1542 641 λόγος
1581 554 1700 623 καὶ
1740 553 2019 634 τέλειος·
2076 552 2240 643 αὕτη
2284 553 2409 639 μὲν
2451 545 2566 621 οὖν

443 637 802 745 ἐπιστήμη.
899 645 1102 728 πεῖρα
1158 639 1232 707 δὲ
1286 637 1326 728 ἡ
1384 636 1530 719 ἑνὸς
1576 634 1624 728 ἢ
1676 639 1977 725 δευτέρου
2030 646 2298 725 γνῶσις,
2358 628 2560 722 [οἷον]

445 718 605 791 ὅταν
647 724 791 813 ειδῃ
836 730 964 807 (Ms.
1011 721 1249 813 εἶδείῃ)
1347 725 1590 811 εωργὸς
1633 720 1738 792 ὅτι
1783 722 2089 812 δρεπάνῳ
2134 725 2414 813 πληγεὶς
2456 719 2567 790 ἰα-

441 808 735 897 θήσεται
779 805 933 896 ὀπῷ
973 816 1197 898 συκῆς.
1283 748 1603 898 ἔμπειρία
1647 809 1722 876 δὲ
1763 805 1806 897 ἦ
1854 803 2095 895 ἄλογος
2129 833 2239 896 τρι
2287 808 2348 896 ή,
2383 799 2560 891 [οἷον]

443 888 606 960 ὅταν
647 889 794 983 εἰδῇ
839 891 946 960 ὅτι
987 896 1309 978 χειμῶνος
1352 888 1541 974 ὄντος
1579 892 1719 981 ψύχ
1805 890 1972 965 καθ’
2019 890 2195 982 ἡμᾶς
2255 891 2567 1001 ργάζεται

445 975 483 1045 ὃ
544 976 758 1067 ἥλιος,
823 979 942 1066 την
1004 977 1236 1062 μέντοι
1304 974 1526 1045 αἰτίαν
1587 978 1677 1066 μή
1721 919 2097 1067 Ξπίστηται
2145 979 2316 1067 μηδε
2368 975 2567 1061 λόγον

444 1059 822 1129 α’ποδοῢναι
867 1059 1038 1152 εὕρῃ.

626 1143 712 1211 Τί
766 1138 878 1213 οὖν
922 1145 1232 1254 διαφέρει
1273 1152 1477 1234 πεῖρα
1523 1144 1880 1234 ἐμπειρίας
1888 1196 1905 1228 ,
1961 1143 2024 1212 εἰ
2063 1142 2329 1234 κάκείνη
2372 1143 2568 1230 λόγον

446 1226 562 1315 οὐκ
609 1226 1049 1313 ἀποδίδωσιν,
1096 1232 1255 1299 ουδὲ
1298 1228 1497 1320 αὕτης
1541 1228 1896 1316 συμβαίνει
1942 1225 2056 1298 οὖν
2098 1230 2219 1298 ἐπὶ
2261 1231 2379 1318 τῆς
2407 1227 2564 1296 πεί-

442 1340 564 1403 ρας
627 1313 748 1381 ἐπὶ
813 1316 932 1404 τῆς
999 1312 1170 1383 καθ’
1222 1311 1292 1382 ἓν
1353 1311 1393 1339 ’“
1449 1314 1745 1404 δεύτερον
1798 1313 2096 1401 γνώσεως
2146 1314 2317 1381 κατὰ
2369 1312 2569 1400 λόγον

444 1398 901 1488 παρέπεσθαι,
946 1401 1063 1511 τῂν
1098 1399 1326 1485 μέντοι
1346 1341 1709 1489 ἳμπειρίαν
1735 1401 2076 1478 παντελῶς
2105 1392 2276 1467 εἶναι
2305 1394 2565 1485 ἄλογον.

589 1480 874 1567 ’Ίδωμεν
927 1509 1039 1551 ουν
1090 1482 1224 1552 τίνι
1275 1485 1705 1573 συρράψομεν
1746 1511 1784 1550 τ
1808 1486 1862 1551 *v
1946 1482 2395 1573 ραμματικήν·
2449 1483 2567 1549 καὶ

445 1565 550 1635 ὅτι
592 1567 714 1653 μὲν
756 1568 1091 1659 ἐπιστήμη
1138 1566 1257 1635 οὐκ
1300 1566 1464 1651 ἔστι,
1512 1571 1707 1658 δῆλον
1749 1568 1782 1636 έ
1921 1595 1955 1634 ν
1998 1567 2388 1658 σημειοῢταί
2413 1592 2567 1634 τινα

443 1654 560 1719 καὶ
603 1648 862 1737 άλόγως
906 1652 1252 1743 ἀφορίζειν
1297 1660 1429 1737 (Ms.
1464 1650 1820 1759 ἀφορίζει).
1888 1653 2098 1720 πάλιν
2140 1649 2290 1720 οὔτε
2332 1656 2566 1739 πεῖρα·

444 1733 505 1843 ff}
547 1737 670 1846 γὰρ
727 1743 966 1824 πεῖραν
1022 1736 1275 1828 ἔφαμεν
1315 1739 1433 1828 τὴν
1475 1734 1617 1846 ἑνὸς
1655 1734 1697 1825 ἦ
1746 1737 2054 1825 δευτέρου
2100 1739 2363 1823 γνῶσιν,
2419 1738 2567 1814 πῶς

446 1846 525 1886 αν
584 1847 704 1909 την
757 1825 1213 1911 γραμματικήν
1255 1828 1495 1911 πεῖραν
1543 1819 1857 1906 είποιμεν
1901 1828 2036 1903 (Ms.
2069 1819 2269 1910 αὐτήν
2308 1821 2426 1909 τὴν
2469 1845 2565 1906 γρ.

370 1934 423 1974 ιο
450 1927 523 1972 π.
571 1903 869 1990 εἴπομεν)
915 1909 1032 1996 τήν
1074 1906 1299 1997 πάσης
1340 1908 1576 1988 λέξεως
1618 1905 1651 1973 ἒ
1693 1906 1931 1996 γάτην,·
1984 1903 2045 1974 εἰ
2090 1905 2167 1973 δὲ
2212 1902 2371 1973 οὐδὲ
2414 1909 2568 1972 πεῖ-

443 2014 593 2074 ραν,
639 1992 871 2102 πολλῷ
911 1993 1160 2076 μᾶλλον
1203 1989 1358 2060 οὐδὲ
1400 1992 1643 2076 έμπειρ
1678 2017 1775 2057 αν.

623 2072 709 2140 Τί
753 2098 868 2141 ουν
910 2074 1059 2143 ἔστι
1068 2104 1091 2157 ,·
1130 2075 1341 2165 τέχνη.
1408 2076 1760 2164 συνέστηκε
1804 2076 1926 2162 γὰρ
1971 2073 2045 2141 ἐκ
2081 2074 2297 2180 μερῶν
2322 2072 2561 2140 τεσσά-

442 2182 593 2243 ρων,
624 2154 1137 2242 άναγνωστικοῦ,
1166 2159 1571 2248 ἐξηγητικοῢ,
1603 2162 2063 2246 διορθωτικοῢ
2091 2183 2209 2225 και
2236 2159 2564 2245 κριτικοῦ·

441 2242 560 2308 καὶ
603 2241 678 2323 ἐξ
717 2240 1007 2332 ὀργάνων
1048 2245 1404 2329 τεσσάρων,
1452 2245 2016 2333 γλωσσηματικοῧ,
2064 2239 2415 2330 ἱστορικοῦ,
2445 2266 2569 2326 με·-

439 2330 670 2414 τρικοῢ
719 2329 837 2396 καὶ
892 2329 1204 2412 τεχνικοῦ.
1292 2329 1410 2396 καὶ
1461 2328 1662 2417 μέρος
1710 2329 1830 2412 μὲν
1885 2320 1923 2395 ὃ
1975 2326 2118 2394 ἀπό
2169 2351 2347 2406 τινος
2391 2324 2569 2393 α’πέ-

441 2431 747 2480 σπασται
798 2413 914 2480 καὶ
959 2411 1138 2521 αὐτῷ
1178 2412 1360 2502 μόνῳ
1403 2417 1728 2493 κοινωνεῖ,
1787 2409 1880 2493 ὥς
1923 2407 2003 2478 ὃῖν
2046 2408 2340 2495 εἴπωμεν
2379 2409 2568 2498 πριό-

442 2520 563 2580 ραν
602 2499 722 2582 μὲν
761 2496 966 2587 μόνης
1006 2523 1165 2576 νεως
1209 2491 1382 2566 εἶναι
1423 2492 1470 2586 ἢ
1510 2495 1757 2564 κλάδον
1797 2495 2000 2582 μόνου
2034 2497 2282 2604 φυτοῦ·
2325 2493 2569 2584 μόριον

444 2578 522 2648 δέ
561 2579 709 2648 ἐστι
749 2583 827 2649 τὸ
870 2583 1112 2670 μέρους
1158 2580 1384 2691 μέρος·
1441 2582 1645 2669 μέρος
1685 2581 1806 2666 μὲν
1847 2582 1970 2688 γὰρ
2013 2607 2053 2669 η
2100 2606 2174 2648 κε
2231 2578 2380 2669 αλή,
2438 2579 2568 2664 μό-

441 2690 588 2753 ριον
632 2665 708 2733 δὲ
748 2667 826 2734 τδ
871 2670 1087 2750 χεῖλος
1131 2663 1170 2756 ἢ
1216 2663 1256 2755 ἦ
1306 2666 1409 2755 ῥὶς
1449 2661 1495 2755 ἢ
1534 2667 1613 2733 τὸ
1661 2658 1790 2746 οὖς.
1884 2666 2092 2744 οὕτως
2136 2606 2248 2732 ogr
2289 2663 2479 2753 τέχνη
2523 2661 2564 2752 ἦ

441 2750 883 2841 γραμματική.
968 2753 1048 2819 τδ
1106 2753 1183 2819 δὲ
1223 2750 1412 2831 τέλος
1453 2751 1770 2838 χρειῶδες
1811 2746 1950 2832 ἔχει
1990 2750 2090 2837 τῷ
2133 2749 2284 2839 βίῳ.
2370 2748 2568 2834 λόγου

440 2833 565 2984 Ξάρ
599 2833 791 2999 Ξὲτξιν
834 2832 1098 2926 εὖρετίς,
1146 2833 1241 2905 δι’
1290 2828 1367 2905 οὗ
1410 2838 1549 2916 πᾶς
1595 2833 1632 2902 ὁ
1677 2834 1829 2920 βίος
1871 2833 1989 2903 καὶ
2016 2834 2100 2901 τὰ
2134 2830 2429 2922 ὁρώμενα
2455 2831 2567 2901 τέ-

485 2944 556 2997 ος
676 2945 704 2986 ε
747 2945 923 2987 αντο.

1442 3091 1570 3166 §3.

664 3229 748 3279 De
781 3227 1114 3295 Porphyrii
1147 3227 1310 3278 libro
1346 3227 1505 3295 περὶ
1542 3227 1962 3299 προσῳδιῶν
1991 3230 2325 3297 inscripto.

611 3350 783 3410 Hunc
822 3348 1037 3410 librum
1080 3349 1262 3410 edidit
1299 3348 1660 3412 Villoisonus
1700 3350 1919 3412 Anecd.
1962 3352 2033 3424 ΙΙ,
2074 3371 2134 3432 p.
2171 3350 2290 3413 103
2322 3370 2393 3412 ex
2432 3352 2565 3414 cod.

440 3433 619 3495 Marci
651 3434 804 3505 652,
850 3434 1058 3495 deinde
1088 3433 1215 3494 sine
1243 3434 1485 3495 nomine
1514 3436 1814 3497 Bekkerus
1845 3437 2061 3497 Anecd.
2092 3455 2151 3514 p.
2185 3435 2569 3507 675—703,

437 3518 632 3579 forma
660 3518 835 3594 longe
864 3519 1264 3579 emendatiore
1293 3524 1467 3596 atque
1496 3520 1777 3598 pleniore.
1838 3520 2102 3581 Eundem
2130 3520 2391 3581 continet
2412 3538 2560 3598 apo-

438 3602 725 3682 graphum
758 3603 1045 3663 Holstenii
1076 3622 1132 3682 p.
1167 3602 1439 3673 (io-82,
1473 3605 1677 3665 eadem
1704 3606 1827 3667 fere
1847 3604 2041 3666 forma
2065 3624 2178 3685 qua
2200 3622 2362 3665 nunc
2382 3621 2563 3665 usur-

435 3695 610 3766 patur
639 3705 815 3767 opera
846 3688 1107 3748 Bekkeri.
1165 3688 1466 3750 Falluntur
1491 3708 1631 3750 vero
1665 3689 1763 3768 qui
1786 3691 1944 3750 hunc
1963 3696 2272 3751 tractatum
2294 3688 2571 3750 tribuunt

437 3772 766 3851 Porphyrio
806 3772 1192 3851 philosopho,
1235 3772 1390 3834 velut
1418 3773 1758 3834 Holstenius
1799 3774 1870 3834 de
1908 3774 2021 3834 vita
2053 3782 2112 3835 et
2142 3774 2376 3853 scriptis
2405 3775 2560 3835 Por-

436 3856 626 3935 phyrii
659 3877 707 3917 c.
742 3857 799 3930 6,
828 3855 1088 3929 ReiziuS‚
1130 3857 1249 3930 alii3
1282 3865 1373 3918 est
1400 3857 1544 3918 nihil
1575 3858 1727 3919 aliud
1757 3858 1872 3919 nisi
1903 3859 2358 3919 commentarius
2390 3876 2560 3918 com·

436 3940 639 4019 pendii
676 3942 844 4002 istius
878 3941 1230 4012 Theodosii,
1274 3942 1346 4001 de
1390 3961 1507 4020 quo
1546 3961 1725 4021 supra
1755 3942 1975 4004 dictum
2007 3950 2122 4017 est,
2163 3943 2318 4022 quod
2351 3944 2562 4022 cuique

438 4025 675 4102 patebit,
708 4027 799 4088 cui
827 4026 1021 4105 legere
1051 4044 1187 4089 eum
1219 4025 1510 4088 curiosius
1533 4028 1831 4107 placuerit.
1884 4027 2120 4089 Accedit
2141 4028 2299 4107 quod
2323 4027 2565 4107 abipso
