2867 4717
1068 433 1558 502 Peripatetico.
1778 441 1783 444 '
2269 443 2372 495 109

244 612 318 653 ex
360 591 603 651 nomine
645 583 1111 675 Πραξιφάνης,
1153 598 1218 651 ut
1258 590 1528 652 scholion
1564 593 1741 655 fuerit
1779 593 2100 675 superioris
2144 613 2373 674 prono—

241 675 427 737 minis
468 667 799 751 novor-⁹³2).
859 675 928 735 In
968 675 1342 755 sequentibus
1384 675 1445 735 in
1486 678 1655 738 codd.
1697 686 1756 739 et
1783 680 1914 740 edd.
1947 680 2159 741 desunt
2185 680 2367 741 inter·

246 761 536 822 iectiones
575 751 726 820 αἰαῖ
766 767 825 820 et
867 756 1022 842 φεῦ,
1067 778 1211 838 quas
1252 760 1597 823 inserendas
1636 781 1769 823 esse
1797 763 1939 824 vidit
1965 763 2081 826 iam
2114 765 2372 827 Muretus

245 847 382 906 Var.
422 845 576 905 Lect.
608 844 662 915 1,
716 844 809 904 16.
868 843 981 916 Qui
1021 844 1232 904 deinde
1271 853 1599 923 sequuntur
1637 866 1840 909 versus
1883 855 2024 909 sunt
2076 849 2372 927 Euripidis

241 950 314 991 ex
358 929 605 1008 prologo
637 928 926 1006 Meleagri,
967 947 1015 989 v.
1051 928 1400 990 Valckenaer
1427 928 1488 989 in
1519 930 1721 1010 Eurip.
1754 932 1960 1010 perdit.
1993 933 2175 993 dram.
2208 933 2371 1012 reliq.

423 1098 482 1160 V.
543 1098 826 1159 Proculus
870 1098 931 1157 in
962 1098 1219 1159 Platonis
1250 1098 1553 1159 Timaeum
1597 1100 1688 1161 ed.
1728 1100 1899 1161 Basil.
1941 1121 1992 1161 a.
2041 1102 2203 1162 1534
2243 1120 2300 1179 p.
2333 1102 2371 1161 5

244 1171 350 1257 εἷς
408 1175 528 1243 δύο
589 1182 782 1262 τρεῖς.
842 1173 879 1242 ὃ
935 1175 1009 1242 δὲ
1065 1178 1143 1265 δὴ
1201 1176 1514 1265 τέταρτος
1565 1176 1745 1265 ἡμῖν,
1803 1173 1859 1245 ὦ
1911 1178 2066 1268 φίλε
2130 1179 2374 1264 Τίμαιε

241 1288 386 1329 που
442 1263 597 1343 κτλ.]
648 1260 788 1344 ἅμα
839 1263 922 1350 τῇ
968 1260 1195 1347 χάριτι
1238 1262 1353 1328 καὶ
1396 1264 1477 1351 τῇ
1521 1262 1661 1351 ὥρᾳ
1703 1265 1832 1329 τῶν
1878 1262 2215 1348 ὀνομάτων
2257 1266 2372 1331 καὶ

245 1348 371 1414 διὰ
433 1353 551 1434 τῆς
608 1347 859 1452 τροπῆς
922 1344 1133 1448 ἐπῆρε
1186 1345 1304 1412 καὶ
1367 1343 1601 1430 ὕψωσε
1657 1348 1775 1436 τήν
1827 1346 1982 1435 ὅλην
2038 1373 2093 1414 π
2169 1347 2369 1435 ιὀδον.

240 1429 684 1518 Πραξιφάνης
745 1430 820 1497 δε
884 1425 921 1496 ὁ
984 1455 1101 1497 του
1158 1430 1590 1518 Θεοφράστου
1655 1427 1914 1519 ἑταῖρος
1971 1431 2129 1518 ἕγκα
2168 1438 2229 1498 εἶ
2275 1435 2374 1520 τῷ

238 1514 594 1596 Πλάτωνι,
640 1516 903 1600 πρῶτον
945 1514 1067 1597 μὲν
1110 1512 1213 1581 ὅτι
1262 1515 1600 1603 πρόδηλον
1645 1510 1721 1581 ὂν
1763 1516 1877 1583 καὶ
1923 1518 2003 1606 τῇ
2049 1514 2368 1604 αἰσθήσει

241 1599 569 1686 γνώριμον
608 1601 705 1685 τῷ
733 1597 1050 1686 Σωκράτῃ
1099 1599 1470 1688 περιέθηκε
1511 1600 1589 1665 τὸ
1637 1592 1733 1679 εἷς
1770 1599 1889 1668 δύο
1919 1607 2115 1688 τρεῖς·
2149 1599 2218 1672 τί
2249 1602 2370 1688 γάρ

238 1684 465 1756 ἐδεῖτο
506 1685 624 1749 τοῦ
669 1679 985 1770 ἀριθμεῖν
1029 1681 1066 1749 ὁ
1095 1683 1464 1771 Σωκράτης,
1511 1685 1618 1749 ἵνα
1665 1687 1791 1772 γνῷ
1832 1687 1910 1751 τὸ
1949 1687 2217 1774 πλῆθος
2243 1688 2372 1752 τῶν

239 1767 718 1855 ἀπηντηκότων
772 1764 868 1845 εἷς
915 1768 1033 1856 τὴν
1084 1767 1464 1848 συνουσίαν,·
1518 1768 1817 1856 δεύτερον
1862 1770 1938 1836 δὲ
1990 1769 2097 1837 ὅτι
2140 1773 2218 1836 τὸ
2260 1770 2371 1836 τέ-

238 1877 484 1940 ταρτος
548 1851 857 1939 ἐξήλλαξε
922 1852 1037 1918 καὶ
1102 1848 1179 1918 οὕ
1240 1858 1582 1941 συμφωνεῖ
1639 1859 1783 1931 τοῖς
1847 1854 2370 1942 προειρημένοις.

239 1936 621 2004 ἀκόλουθον
665 1930 788 2021 γάρ
831 1938 928 2022 τῷ
970 1935 1091 2019 μὲν
1135 1928 1232 2014 εἷς
1275 1936 1396 2002 δύο
1439 1940 1613 2024 τρεῖς
1653 1938 1733 2003 τὸ
1775 1936 2104 2024 τέτταρες,
2156 1941 2256 2049 τιξ
2299 1939 2374 2004 δὲ

237 2021 557 2106 τέταρτος
614 2022 692 2086 τὸ
756 2024 1023 2106 πρῶτος
1076 2020 1380 2108 δεύτερος
1428 2018 1665 2107 τρίτος.
1740 2023 1947 2088 ταῦτα
1998 2022 2118 2105 μὲν
2171 2047 2283 2088 ουν
2336 2019 2373 2089 ὃ

240 2105 494 2173 ἐκείνου
537 2108 756 2188 μῦθος
797 2105 930 2170 κτλ.
1002 2110 1281 2189 Sequitur
1323 2110 1595 2171 refutatio
1639 2111 1973 2190 Porphyrii,
2005 2130 2118 2191 qua
2149 2112 2371 2175 insulsa

239 2197 355 2256 ista
388 2214 632 2256 censura
660 2195 810 2255 bene
840 2194 1167 2255 discutitur.
1223 2195 1442 2255 Decent
1468 2194 1600 2255 talia
1632 2194 1849 2256 Rufum
1880 2196 2058 2257 istum
2089 2199 2241 2275 apud
2272 2198 2371 2259 Iu-

239 2281 505 2340 venalem
538 2280 650 2352 vll,
682 2279 827 2351 243,
858 2279 999 2357 „qui
1021 2279 1195 2340 toties
1220 2279 1564 2340 Ciceronem
1587 2279 1897 2358 Allobroga
1928 2281 2128 2342 dixit.“
2172 2282 2372 2361 Neque

238 2383 385 2425 vero
418 2364 682 2442 equidem
716 2371 957 2442 propter
985 2364 1099 2423 hoc
1130 2382 1313 2424 unum
1344 2363 1621 2425 iudicium
1653 2363 1919 2426 vilissimi
1945 2366 2368 2443 Praxipbanem

242 2448 463 2526 ingenii
502 2448 686 2509 fuisse
726 2466 861 2508 cum
891 2447 1212 2508 Muetzellio
1255 2448 1328 2507 de
1371 2448 1602 2508 emend.
1635 2449 1854 2527 Tbeog.
1887 2449 2122 2510 Hesiod.
2156 2470 2213 2528 p.
2245 2450 2369 2510 279

240 2533 582 2604 statuerim,
627 2532 728 2593 sed
769 2532 960 2592 virum
1000 2550 1030 2591 a
1071 2532 1456 2610 scriptoribus
1494 2533 1563 2593 ad
1596 2550 1814 2594 novum
1844 2534 2139 2595 inventum
2175 2553 2367 2612 gram-

240 2618 489 2678 maticae
528 2617 878 2695 castigandis
917 2624 1211 2676 recentem
1253 2617 1614 2695 aliquatenus
1645 2619 2056 2690 excusaverim‚
2085 2625 2150 2678 ut
2180 2620 2372 2679 solent

243 2701 346 2780 qui
398 2701 572 2780 primi
621 2709 793 2779 atque
832 2708 1094 2761 recentes
1133 2699 1386 2779 aliquam
1426 2710 1610 2761 artem
1652 2702 1853 2762 colunt
1890 2703 1950 2761 in
1989 2702 2116 2762 eius
2156 2702 2367 2779 regulis

242 2786 604 2847 inculcandis
643 2785 895 2846 nimium
935 2784 1161 2845 morosi
1200 2793 1257 2844 et
1299 2785 1497 2845 tristes
1526 2803 1677 2844 esse.
1734 2784 2093 2864 Maximeque
2124 2805 2368 2858 „saevas

243 2872 551 2949 imponere
578 2871 775 2947 leges“
805 2876 1003 2930 amant
1031 2869 1409 2946 grammatici,
1439 2868 1961 2947 inaequabilitatem
1986 2872 2369 2931 consuetudi-

243 2954 338 3015 nis
380 2956 449 3015 ad
489 2954 733 3015 rationis
772 2952 1233 3033 aequabilitatem
1276 2953 1640 3030 adstringere
1680 2953 1862 3027 soliti,
1905 2955 2061 3034 quod
2108 2955 2366 3017 studium

244 3038 318 3099 ab
366 3038 693 3099 ambitiosis
742 3037 990 3117 ingeniis
1043 3055 1177 3099 cum
1216 3037 1525 3099 fastidioso
1565 3040 2012 3118 nonnumquam
2057 3039 2366 3118 supercilio

243 3130 561 3183 exercetur.
613 3123 830 3201 [Neque
859 3123 1057 3183 minus
1081 3128 1326 3199 angusta
1358 3130 1482 3182 erat
1512 3122 1869 3200 Protagorae
1899 3123 2202 3202 sophistae
2220 3124 2368 3183 alio-

243 3226 497 3286 rumque
540 3208 612 3266 de
641 3205 930 3285 principio
962 3205 1256 3285 Odysseae
1289 3224 1566 3275 censura,
1607 3225 1779 3285 quam
1822 3215 2111 3266 memorat
2140 3208 2367 3268 Aristo-

241 3291 388 3352 teles
419 3292 582 3352 Poet.
616 3313 664 3351 c.
694 3291 798 3363 19,
829 3290 930 3351 ubi
961 3291 1087 3351 vide
1110 3291 1497 3368 interpretes]
1554 3290 1757 3370 Neque
1778 3291 2023 3352 alite1⁰iu
2044 3290 2368 3353 Homerum

245 3384 548 3452 grassatus
579 3385 668 3436 est
698 3374 1053 3446 zenodotus,
1085 3374 1183 3453 qui
1215 3374 1568 3454 Praxiphani
1597 3375 1718 3435 fere
1749 3375 2001 3455 aequalis
2031 3383 2153 3436 erat
2181 3377 2365 3437 idem-

246 3478 361 3537 que
418 3480 447 3520 a
502 3460 879 3536 grammatica
931 3467 1197 3520 recenter
1247 3459 1491 3520 suborta
1542 3478 1774 3530 recem,
1830 3479 1878 3522 v,
1936 3460 2098 3520 Wolf
2143 3461 2366 3539 Proleg.

245 3562 285 3622 p
418 3629 508 3689 Vl.
569 3628 854 3689 Proculus
895 3628 954 3687 in
984 3627 1213 3706 Proleg.
1254 3628 1324 3688 ad
1357 3628 1594 3688 Hesiod.
1634 3646 1692 3705 p.
1738 3627 1774 3689 3
1816 3648 1903 3707 sq.
1951 3630 2041 3690 ed.
2076 3626 2364 3690 Gaisford.

401 3753 410 3754 ἶ
430 3750 600 3757 ..-..-..”-

385 3793 469 3854 32)
510 3793 797 3861 Goellerus,
821 3796 902 3861 qui
929 3796 1156 3845 restituit
1180 3792 1448 3861 ἔπρεψεν,
1470 3795 1596 3845 mire
1623 3797 1715 3845 boc
1738 3796 2107 3860 interpretatur
2124 3795 2367 3844 Demetrii

247 3861 377 3909 rhet.
412 3861 475 3910 de
509 3862 695 3913 elocut.
729 3864 814 3913 lib.
849 3879 895 3929 p.
928 3863 1040 3913 105.
1091 3863 1239 3925 „Hoc
1272 3864 1415 3911 dicit:
1452 3863 1598 3928 quale
1623 3864 1772 3912 etiam
1798 3863 1920 3912 illud
1946 3863 2261 3912 Homericum
2286 3869 2368 3911 est

246 3927 340 3977 καὶ
363 3922 432 3978 νύ
455 3923 960 3998 κ’ὀδυρομένοισιν,
984 3938 1040 3979 ut
1065 3931 1170 3994 ipse
1199 3930 1540 3994 Praxiphanes
1561 3930 1706 3979 dicit:
1734 3929 1899 3980 Verba
1920 3931 2011 3979 καὶ
2029 3927 2096 3980 νύ
2116 3924 2367 3997 κ’ὁδυρο-

244 3995 508 4111 {aegrotant
548 3998 759 4049 decebat
791 3999 904 4048 addi
938 4012 966 4046 a
992 4005 1163 4062 poeta,
1198 4004 1373 4062 utpote
1408 3996 1820 4059 significationem
1855 3998 1999 4047 verbi
2032 3996 2365 4048 lamentabilis

277 4077 306 4112 a
345 4063 536 4114 entia.“

2406 1711 2459 1748 24
