2867 4717
1061 373 1563 442 Peripatetico.
2274 371 2373 425 107

218 548 533 610 μουσος,
573 534 882 607 poetarum
910 529 1316 608 artificumque
1341 529 1544 591 fautor
1567 527 2001 591 illustrissimus
2029 527 2238 609 procul
2266 528 2377 589 du-

219 616 331 676 bio
381 615 564 675 ctiam
597 613 994 692 Thucydidem
1032 614 1106 675 ad
1144 633 1211 674 se
1249 614 1578 683 invitasset,
1621 613 1672 673 si
1712 613 1894 673 modo
1933 612 2088 673 fama
2113 611 2382 674 historici

223 700 368 760 suis
404 699 528 759 iam
556 698 927 775 temporibus
950 697 1455 773 inclaruisset30).
1513 699 1595 759 De
1623 697 1815 775 poetis
1845 697 2279 776 artificibusque
2305 696 2378 757 ad

222 783 602 845 Archelaum
642 781 896 844 invitatis
934 790 1166 861 praeter
1201 789 1477 843 nostrum
1514 782 1708 842 locum
1750 789 2220 842 commemorant
2246 782 2378 842 Ari-

228 867 497 929 stoteles
536 866 710 929 Pom.
782 867 858 939 V,
898 866 967 937 8,
1016 866 1091 927 13
1139 873 1198 926 et
1233 867 1579 946 Anonymus
1627 865 1688 926 in
1738 865 1850 927 vita
1890 865 2187 944 Euripidis
2231 883 2378 944 quae
2414 887 2466 928 ει

226 950 568 1031 tragoediis
612 951 764 1011 solet
798 951 1094 1029 praemitti
1136 951 1208 1012 de
1243 951 1550 1030 Euripide,
1590 950 1857 1012 Aelianus
1888 948 2020 1010 Var.
2051 949 2201 1011 Hist.
2232 948 2382 1022 XIII,

229 1039 273 1099 4
317 1036 403 1095 de
431 1035 719 1113 Euripide
760 1044 820 1096 et
848 1035 1176 1112 Agathone,
1213 1036 1369 1097 idem
1401 1036 1657 1131 scriptor
1686 1035 1836 1095 Hist.
1863 1034 2055 1095 Anim.
2085 1034 2166 1107 11,
2197 1035 2275 1095 21
2309 1034 2381 1095 de

232 1121 553 1198 Agathone
595 1127 653 1179 et
692 1119 1007 1192 Pausania,
1044 1128 1188 1180 noto
1228 1120 1327 1180 illo
1360 1140 1430 1180 ex
1461 1119 1737 1180 conviviis
1766 1118 2026 1180 Platonis
2062 1121 2149 1195 [et
2175 1119 2382 1180 Xeno-

231 1204 554 1283 phontiSJ,
585 1203 721 1264 ibid.
751 1203 904 1275 XIV,
950 1205 1024 1264 17
1065 1204 1138 1264 de
1166 1204 1416 1266 Zeuxide
1448 1205 1672 1305 pictore
1700 1202 2064 1274 Heracleote,
2110 1222 2283 1282 quem
2315 1211 2380 1264 ut

235 1289 503 1348 domum
543 1306 711 1348 suam
750 1288 993 1366 picturis
1041 1295 1279 1349 ornaret
1317 1281 1442 1364 (ὥς
1485 1279 1687 1370 αὐτὴν
1727 1281 2179 1370 καταγράφοι)
2213 1287 2285 1347 ad
2314 1306 2379 1348 se

237 1372 577 1433 arcessivit.
634 1371 820 1432 Etiam
850 1372 1297 1452 Melanippidem
1330 1372 1562 1433 aliunde
1590 1378 1823 1433 constat
1849 1371 2004 1451 apud
2034 1372 2379 1433 Archelaum

234 1456 488 1528 vixisse,
519 1455 618 1535 qui
649 1456 806 1516 hunc
834 1465 1070 1534 poetam
1099 1477 1130 1516 a
1161 1464 1328 1535 patre
1350 1456 1622 1517 Perdicca
1651 1464 1929 1534 tanquam
1960 1456 2379 1517 hereditarium

238 1541 515 1601 sodalem
566 1546 896 1619 acceperat,
948 1560 1000 1601 v.
1041 1541 1202 1601 Bode
1239 1541 1449 1603 Gesch.
1501 1541 1607 1600 der
1651 1540 1871 1601 Hellen.
1917 1540 2271 1603 Dichtkunst
2304 1540 2378 1611 11,

241 1625 304 1698 2,
339 1644 399 1703 p.
436 1624 664 1701 293sq.
723 1624 981 1703 Denique
1012 1625 1231 1686 Seneca
1273 1627 1345 1686 de
1387 1626 1630 1686 benefic.
1663 1624 1727 1697 V,
1761 1625 1799 1686 6
1835 1626 1911 1701 [et
1939 1625 2043 1685 Dio
2076 1624 2379 1705 Chrysost.

243 1727 342 1769 or.
375 1708 545 1780 Xlll,
577 1708 665 1769 ed.
681 1709 917 1786 Empcr.
948 1708 1001 1782 1,
1030 1728 1088 1787 p.
1120 1709 1263 1786 263]
1299 1710 1598 1771 Socratem
1629 1709 1700 1769 ab
1730 1709 2010 1769 Archelao
2041 1717 2109 1770 ut
2134 1710 2378 1770 Athenis

242 1793 323 1854 ad
356 1812 424 1852 se
457 1792 798 1870 confugeret
833 1793 1138 1855 invitatum
1166 1795 1353 1855 fuisse
1378 1801 1599 1855 narrat.
1658 1794 1761 1870 [Cf.
1791 1801 2115 1895 argument.
2146 1794 2218 1854 ad
2247 1794 2378 1854 Ari-

244 1877 570 1955 stephanis
599 1876 815 1937 nubes:
856 1873 935 1938 τὸ
981 1874 1201 1958 δρᾶμα
1244 1874 1321 1939 τὸ
1364 1876 1497 1938 τῶν
1517 1872 1855 1977 Νεφελῶν
1896 1871 2068 1937 κατὰ
2104 1871 2379 1980 Σωκρά-

242 1981 409 2035 τους
467 1957 838 2061 γέγραπται
888 1997 975 2007 --
1026 1997 1111 2005 --
1158 1996 1238 2006 —-
1292 1981 1438 2037 ουχ,
1494 1953 1583 2033 ιός
1624 1980 1828 2035 τινες,
1886 1957 1969 2021 δι’
2028 1952 2381 2062 ,Ἀρχέλαον

245 2041 367 2106 τὸν
412 2037 830 2107 Μακεδόνων
881 2040 1188 2126 βασιλέα,
1246 2038 1354 2108 ότι
1399 2036 1791 2129 προύκρινεν
1836 2035 2035 2106 αὐτὸν
2078 2037 2379 2124 Ἀριστο-

246 2124 549 2275 ἓῆῗνῖἐῗὲ.
574 2129 892 2277 Ριῗὶοέἓέξ
913 2130 1309 2276 θῗῗὲἓὲἱὲεῗὲ.
1333 2129 2376 2294 Ἇξθὲἓιὲῗιῗὲι.ἒΐέἓΐωῗέωάἒῗὲἐο
2453 2250 2460 2255 „

250 2298 471 2370 derim,
501 2299 658 2376 quod
690 2317 824 2359 cum
855 2299 1222 2377 temporibus
1254 2300 1475 2378 optime
1506 2301 1830 2396 conspirat,
1869 2318 2001 2359 cum
2033 2300 2162 2378 ipse
2190 2299 2375 2371 Plato,

250 2400 615 2461 quamquam
642 2382 815 2460 longe
838 2383 949 2443 alio
975 2383 1239 2456 consilio,
1263 2384 1528 2445 Archelai
1549 2385 1702 2461 regis
1729 2383 2058 2444 meminerit
2079 2384 2137 2444 in
2163 2382 2378 2461 Gorgia

250 2486 313 2546 p.
346 2467 467 2526 471
502 2467 646 2527 etin
676 2466 968 2527 Alcibiade
997 2468 1050 2527 ΙΙ
1077 2486 1136 2546 p.
1175 2468 1288 2528 141
1323 2468 1389 2528 D.

428 2550 520 2610 111.
565 2551 889 2653 Hesychius
914 2570 966 2611 v.
989 2546 1440 2632 διατροχάδες,
1460 2540 1639 2625 εἶδος
1661 2545 2058 2648 ποιήματος,
2084 2541 2173 2625 ὦς
2196 2543 2376 2613 ἱστο-

253 2634 358 2715 ρεῖ
399 2630 847 2718 Πραξιφάνης.
906 2636 1063 2696 Nihil
1090 2636 1322 2697 aliunde
1351 2636 1424 2696 de
1448 2637 1561 2698 hoc
1583 2636 1857 2696 carminis
1881 2653 2090 2735 genere
2110 2636 2376 2697 traditur.

253 2719 674 2796 Fragmentum
714 2719 1091 2781 manifestum
1134 2729 1225 2780 est
1261 2720 1331 2780 ad
1374 2740 1527 2799 opus
1568 2713 1729 2801 περὶ
1770 2710 2163 2801 ποιημάτων
2190 2720 2277 2779 vel
2306 2720 2376 2780 ad

258 2803 551 2880 dialogum
581 2798 739 2886 περὶ
769 2801 1063 2900 ποιητῶν
1091 2804 1466 2883 pertinuisse.

426 2889 520 2948 lv.
580 2887 906 2948 Demetrius
946 2889 1018 2949 de
1056 2887 1386 2949 elocutione
1432 2891 1476 2990 §³
1503 2888 1583 2948 55
1623 2886 1764 2961 τοῖς
1808 2880 1883 2948 δὲ
1928 2884 2376 2990 παραπληρω·

256 2971 569 3075 ματικοῖς
613 2967 1003 3074 συνδέσμοις
1053 2966 1358 3078 χρηστέον
1401 2965 1519 3049 οὐχ
1560 2964 1650 3046 ὡς
1690 2964 2123 3072 προσθηκαις
2165 2972 2381 3046 κεναῖς

259 3050 376 3116 καὶ
424 3042 567 3117 οἷον
612 3050 1085 3159 προσφύμασιν
1127 3080 1165 3141 η
1211 3051 1752 3159 παραξύσμασιν,
1798 3048 2022 3133 ὥσπερ
2067 3076 2241 3128 τινες
2280 3058 2381 3158 τῷ
2470 3069 2478 3077 ·

262 3136 338 3222 δὴ
383 3137 668 3243 χρῶνται
711 3136 880 3243 πρὸς
924 3132 1114 3203 οὐδὲν
1156 3136 1273 3203 καὶ
1316 3140 1414 3224 τῷ
1458 3137 1531 3203 νὺ
1575 3135 1692 3202 καὶ
1733 3137 1832 3221 τῷ
1876 3137 2063 3215 ποτέ,
2098 3133 2236 3201 ἀλλ’
2263 3134 2380 3202 ἐὰν

259 3216 763 3327 συμβάλλωνταί
822 3245 893 3286 τι
935 3222 1038 3326 τῷ
1089 3221 1368 3306 μεγέθει
1420 3223 1541 3287 τοῦ
1599 3199 1818 3326 λόγου.
1870 3250 1964 3285 -ο
2008 3261 2087 3268 ——
2138 3228 2208 3301 (ξ
2258 3226 2376 3302 57)

259 3302 662 3408 λαμβάνεται
720 3302 795 3369 δε
838 3304 953 3370 καὶ
998 3304 1065 3371 ἒν
1106 3310 1524 3414 παθητικοῖς
1568 3303 1896 3385 πολλάκις
1940 3332 1976 3373 ο
2020 3303 2379 3389 σύνδεσμος

256 3411 453 3537 (8ιέος
492 3397 600 3470 (sc.
632 3393 910 3470 particula
953 3387 1078 3475 δή),
1111 3389 1339 3473 ὥσπερ
1384 3389 1503 3456 ε’πὶ
1530 3391 1647 3476 τῆς
1674 3392 2039 3479 Καλυψοῦς
2066 3390 2238 3475 πρὸς
2263 3391 2378 3456 τὸν

368 3472 607 3539 υσσέα·

459 3555 775 3662 Διογενες
818 3558 1235 3667 Λαερτιάδη,
1281 3557 1681 3667 πολυμήχαν’
1722 3557 2047 3640 Ὀδυσσεῦ,

461 3640 631 3706 ου’τω
678 3642 759 3728 δή
809 3639 1070 3708 οἶκόνδε
1112 3646 1310 3751 φιλην
1353 3668 1420 3721 ες
1463 3640 1761 3752 πατρίδα
1806 3650 2013 3730 γαῖαν.

265 3725 414 3804 (Οδ.
460 3749 519 3803 ε,
571 3729 740 3809 203.)
809 3724 871 3792 εἰ
922 3728 1074 3810 γοῦν
1115 3728 1229 3794 τὸν
1273 3726 1631 3811 σύνδεσμον
1673 3728 1949 3812 ἐξέλοις,
1994 3726 2372 3814 συνεξαιρή-
2406 3753 2461 3792 22

396 3862 478 3926 30)
517 3864 686 3926 [Diese
711 3866 1003 3930 Erkliirung
1027 3869 1120 3917 der
1142 3868 1300 3918 Stelle
1327 3869 1416 3918 des
1442 3868 1705 3919 Marcellin
1677 3887 1769 3920 nus
1805 3873 1889 3921 hat
1912 3868 2146 3920 Preller'
2134 3884 2183 3917 in
2209 3869 2375 3918 seiher

265 3930 484 3992 Anzeige
516 3947 614 3981 von
648 3932 708 3982 F.
735 3933 820 3984 W.
848 3934 1053 3985 Ullrich'
1059 3951 1084 3984 s
1119 3936 1385 3998 Beitriigen
1419 3953 1512 3986 zur
1536 3937 1822 4001 Erkliirung
1844 3940 1935 3988 des
1961 3936 2321 4002 Thukydides
2308 3952 2374 3987 ιιι

266 3996 590 4048 Rbeinischen
619 3999 860 4065 Museum,
888 4017 1014 4051 neue
1040 4002 1213 4067 Folge,
1241 4002 1307 4054 Vl
1335 4003 1524 4068 (1848),
1548 4005 1600 4052 S.
1627 4003 1774 4054 364f.
1802 4005 2112 4055 wieder-holt.
2154 4001 2235 4067 PL]
