2867 4717
479 414 550 469 64
1324 414 1419 469 De
1455 413 1822 468 Hellanico

480 588 624 671 γων
658 561 767 631 A
743 588 948 630 ινειαν
1009 562 1214 667 φησὶν
1275 562 1351 630 ἐκ
1401 565 1771 631 Μολοττῶν
1827 561 1924 643 εἷς
1970 561 2253 630 Ιταλίαν
2311 562 2602 631 ἐλθόντα

477 645 624 756 μετ’
655 646 1023 755 Ὀδυσσέως
1063 645 1363 734 οἰκιστήν
1384 647 1730 754 γενέσθαι
1763 650 1880 754 τῆς
1923 649 2212 728 πόλεως,
2271 644 2603 756 ὀνομάσαι

481 731 545 800 6'
564 729 791 839 ’,αὐτὴν
835 729 977 799 απὸ
1018 735 1180 840 μιᾶς
1220 736 1350 798 τῶν
1384 728 1690 799 Ἰλιάδων
1711 728 1996 839 (Ρῶμης
2050 733 2294 833 ταύτην
2323 735 2397 800 δε
2425 734 2605 841 λέγει

479 822 627 896 ταῖς
669 813 904 896 αλλαις
929 815 1220 925 Τρωάσι
1266 817 1923 925 παρακελευσαμένην
1964 820 2157 924 κοινῇ
2198 815 2342 923 μετ’
2391 814 2606 884 αὐτῶν

481 901 823 1009 ἐμπρῆσαι
865 928 949 967 τα
995 901 1236 1007 σκάφη,
1277 903 1719 1009 βαρυνομένην
1760 903 1853 1010 τῇ
1887 901 2137 990 πλάνῃ·
2150 898 2490 1009 ὁμολογεῖ
2532 898 2604 967 6'

484 984 664 1074 αυτῷ
707 988 824 1052 καὶ
867 987 1234 1072 Δαμάστης
1264 1012 1300 1052 ο
1328 988 1628 1071 Σιγειεὺς
1662 1011 1777 1051 και
1809 984 1998 1052 α’λλοι
2027 985 2222 1063 τινές;
2256 1011 2402 1071 quae
2432 993 2605 1052 Stur-

402 1098 456 1139 50
483 1079 608 1138 zius
661 1096 718 1155 p.
767 1076 884 1136 152
936 1076 1063 1136 sine
1106 1076 1219 1136 ulla
1272 1076 1633 1136 dubitatione
1672 1076 1876 1136 tribuit
1912 1076 2133 1137 Nostro
2159 1077 2279 1154 ⁸⁷).
2347 1076 2609 1154 Neglexit

398 1231 406 1236 ‚
485 1161 764 1239 Scaligeri
803 1167 1001 1221 notam
1046 1160 1117 1220 ad
1157 1161 1396 1221 Festum
1428 1180 1486 1238 p.
1518 1160 1641 1221 633
1686 1159 1982 1233 Lindem.,
2024 1160 2120 1237 qui
2151 1168 2320 1238 putat
2346 1160 2605 1222 Heracli-

484 1248 616 1308 dem
648 1245 938 1306 Lembum
977 1245 1041 1305 in
1082 1244 1192 1305 illis
1234 1253 1572 1323 excerptum
1607 1263 1762 1317 esse,
1803 1262 1978 1321 quem
2020 1245 2091 1304 de
2122 1246 2324 1305 eadem
2362 1245 2607 1306 historia

484 1331 663 1392 citant
691 1330 901 1391 Festus
932 1330 969 1390 l.
1003 1348 1054 1389 c.
1096 1337 1154 1389 et
1184 1329 1421 1390 Solinus
1464 1348 1512 1389 c.
1550 1331 1614 1403 13
1646 1327 2026 1407 similiterque
2064 1329 2355 1390 iudicasse
2383 1330 2610 1391 videtur

483 1415 839 1476 Niebuhrius
868 1414 937 1474 R.
970 1413 1037 1473 G.
1067 1413 1114 1486 Ι,
1145 1433 1203 1492 p.
1235 1414 1360 1474 202
1391 1414 1482 1474 ed.
1515 1412 1648 1474 3ae.
1721 1413 1934 1474 Verum
1966 1413 2247 1490 Scaliger,
2290 1414 2443 1475 sicut
2473 1433 2606 1473 om-

482 1500 622 1561 nino
653 1499 930 1559 Hellanici
959 1515 1082 1558 non
1113 1518 1241 1559 eam
1271 1518 1448 1577 quam
1479 1499 1539 1558 in
1570 1497 1877 1559 Chronicis
1909 1498 2152 1558 debebat
2179 1499 2466 1559 rationem
2496 1498 2609 1558 ha-

487 1584 646 1656 buit,
691 1585 768 1643 ita
809 1585 925 1643 hoc
963 1583 1136 1643 etiam
1177 1583 1236 1643 in
1275 1584 1407 1644 loco
1446 1600 1572 1642 non
1613 1583 1880 1643 meminit
1921 1583 2134 1661 opinor
2164 1583 2319 1654 eiuS‚
2359 1583 2610 1677 ideoque

487 1668 775 1730 Heraclidi
813 1667 1017 1729 tribuit
1060 1686 1207 1745 quae
1245 1667 1540 1728 Hellanico
1584 1667 1746 1728 dabit
1795 1668 2127 1745 quicunque
2166 1667 2237 1728 de
2277 1685 2455 1746 opere
2484 1667 2607 1727 eius

488 1761 852 1831 compertum
885 1751 1180 1825 habuerit3
1210 1771 1324 1830 qua
1354 1752 1415 1811 in
1438 1771 1501 1812 re
1522 1752 1579 1810 id
1605 1770 1839 1830 quoque
1862 1759 2059 1829 aperte
2079 1752 2290 1812 falsum
2317 1759 2424 1819 est,
2450 1751 2609 1830 quod

486 1840 550 1898 in
599 1857 684 1897 τα
728 1827 899 1897 καθ’
960 1827 1240 1918 ἑκάστην
1297 1830 1684 1919 πραχθέντα
1728 1836 2125 1915 supplendum
2176 1856 2307 1896 esse
2358 1836 2612 1896 affirmat

488 1914 724 2001 χώραν.
782 1921 1059 1982 Fortasse
1089 1921 1264 1981 etiam
1293 1920 1658 1981 Heraclidem
1689 1919 1994 1991 Lembum‚
2022 1939 2195 1998 quem
2222 1921 2609 1981 Sacerdotum

486 2024 798 2066 recensum
829 2004 1082 2065 edidisse
1110 2023 1286 2065 nemo
1318 2006 1572 2078 tradidit,
1608 2005 1875 2065 confudit
1903 2024 2037 2065 cum
2068 2005 2370 2066 Heraclide
2398 2004 2612 2065 Ponti·—

489 2109 579 2162 co,
612 2090 709 2168 qui
742 2108 876 2150 eum
908 2107 1215 2150 recensum
1247 2090 1513 2150 adhibuit
1540 2089 1797 2167 quidem,
1838 2090 1938 2149 sed
1971 2090 2032 2149 in
2062 2090 2241 2150 rebus
2271 2089 2343 2150 ab
2367 2089 2611 2166 origini-

487 2174 602 2235 bus
635 2175 856 2233 Romae
883 2192 1130 2252 prorsus
1176 2174 1440 2234 diversis.
1497 2174 1661 2233 Adde
1693 2174 1849 2250 quod
1881 2174 2181 2234 Damastes
2212 2192 2344 2234 cum
2377 2181 2614 2234 auctore

488 2258 588 2318 illo
621 2258 993 2335 conspirasse
1016 2257 1240 2330 dicitur,
1266 2258 1422 2336 quod
1458 2257 1573 2317 nisi
1598 2258 1669 2317 de
1692 2257 2007 2330 Hellanico,
2032 2277 2283 2336 quocum
2309 2259 2611 2319 Damastes

490 2343 646 2404 haud
686 2343 866 2402 semel
905 2342 1144 2414 citatur,
1191 2360 1310 2402 non
1354 2342 1523 2403 video
1557 2342 1627 2402 de
1657 2359 1913 2420 quonam
1945 2343 2203 2420 potuerit
2231 2342 2361 2403 dici.
2421 2343 2613 2403 Porro

489 2446 566 2487 ne
617 2435 788 2505 putes
828 2426 1188 2487 Hellanicum
1242 2427 1632 2505 antiquiorem
1686 2445 1818 2487 esse
1858 2444 2031 2505 quam
2072 2427 2169 2505 qui
2199 2427 2361 2487 urbis
2393 2426 2616 2487 Romae

489 2511 849 2582 meminerit,
882 2517 1114 2572 constat
1140 2511 1310 2571 etiam
1344 2511 1699 2572 Antiochum
1733 2512 2170 2611 Syracusanum
2201 2512 2326 2572 eius
2357 2511 2614 2572 mentio-

489 2614 626 2656 nem
658 2595 946 2665 iniecisse‚
975 2614 1029 2655 ν.
1061 2614 1154 2672 ap.
1187 2596 1442 2695 Dionys.
1461 2595 1530 2655 H.
1570 2596 1636 2655 A.
1678 2596 1753 2696 ΒΞ
1780 2594 1836 2666 Ι,
1870 2593 1980 2667 73,
2010 2586 2170 2677 ἀνὴρ
2216 2586 2496 2679 αφίκετο
2539 2588 2616 2656 ἐκ

483 2670 738 2764 Ῥώμης
789 2671 1036 2759 φυγάς,
1092 2675 1364 2753 Σικελὸς
1418 2670 1627 2756 ὄνομα
1671 2671 1868 2761 αυτῷ.
1955 2679 2216 2774 Denique
2269 2680 2428 2757 quod
2479 2680 2613 2757 quis

492 2773 751 2836 moneat,
783 2763 1137 2825 Hellanicum
1171 2764 1279 2824 sibi
1314 2765 1430 2842 ipsi
1459 2782 1813 2861 repugnare,
1832 2763 1941 2842 qui
1971 2764 2033 2823 in
2065 2764 2293 2824 Troicis
2326 2765 2402 2842 (v.
2434 2782 2617 2841 supra

492 2869 551 2928 p.
584 2849 692 2926 21)
726 2851 981 2909 Aeneam
1011 2849 1081 2908 ad
1115 2847 1404 2908 Crusaeos
1438 2849 1765 2926 pervenisse
1788 2848 2107 2921 tradiderit,
2132 2849 2187 2908 id
2214 2849 2302 2909 sic
2324 2849 2615 2944 expediaS‚

493 2941 560 2993 ut
587 2933 703 2992 hoc
733 2950 885 3010 opus
916 2940 1055 3010 post
1085 2932 1294 2992 Troica
1324 2941 1382 2992 et
1409 2941 1727 3012 postquam
1751 2932 1977 2993 fabulas
2001 2896 2266 2994 Italicas
2252 2950 2312 2992 m
2336 2933 2463 3010 ipsa
2485 2933 2613 2992 for-

491 3027 650 3078 tasse
685 3016 843 3077 Italia
882 3016 1222 3094 cognoverit
1259 3017 1484 3077 editum
1521 3017 1707 3079 fuisse
1746 3025 1987 3078 statuas·
2056 3018 2138 3077 De
2178 3017 2309 3096 ipsa
2336 3016 2531 3078 fabula
2561 3036 2613 3076 v.

491 3102 743 3163 Klausen
773 3103 995 3161 Aeneas
1030 3100 1077 3173 Ι,
1109 3119 1165 3178 p.
1199 3100 1343 3161 418.

667 3186 900 3246 Tertius
944 3185 1088 3245 liber
1118 3186 1313 3245 semel
1358 3185 1684 3258 adhibetur,
1730 3205 1823 3264 ap.
1873 3186 1959 3245 St.
1999 3185 2066 3246 B.
2111 3206 2164 3245 v.
2202 3179 2486 3247 Χαονία.
2531 3221 2616 3229 --

487 3261 655 3331 Ἑλλ.
705 3261 983 3372 ιερειῶν
985 3263 1199 3372 ς’ῌρας
1239 3262 1473 3366 τρίτῳ·
1518 3262 2023 3350 Ἀμβρακιῶται
2065 3290 2181 3331 και
2227 3289 2292 3332 οι
2319 3261 2469 3366 μετ’
2499 3261 2618 3331 αὖ·

493 3351 624 3414 τῶν
650 3349 911 3426 Χάονες
939 3374 1054 3415 και
1078 3346 1525 3434 Ἠπειρῶται·
1558 3356 1657 3416 ubi
1682 3355 1825 3416 mihi
1846 3374 1968 3416 non
1992 3355 2232 3416 dubium
2258 3355 2399 3433 quin
2421 3373 2618 3415 sermo

496 3439 575 3500 sit
615 3439 685 3498 de
725 3439 872 3499 bello
915 3438 1068 3499 inter
1096 3441 1426 3500 Acarnanes
1460 3447 1630 3519 atque
1658 3439 2061 3501 Ambraciotas
2071 3447 2267 3542 gesto
2300 3439 2389 3499 Ol.
2424 3439 2522 3512 87,
2556 3442 2616 3513 4,

495 3543 546 3584 a.
594 3522 718 3583 429
767 3523 1026 3594 a.Chr.‚
1079 3523 1555 3624 v.Thucyd.11,
1608 3524 1713 3585 80
1735 3520 1853 3586 τοῦ
1899 3515 1964 3584 6²
2010 3515 2214 3585 αὐτοῦ
2243 3519 2497 3625 θέρους
2542 3542 2620 3583 ου

495 3604 730 3688 πολλῶ
791 3600 1060 3710 ὕστερον
1113 3603 1362 3669 τούτων
1418 3599 1925 3708 Ἀμβρακιῶται
1977 3604 2094 3670 καὶ
2144 3601 2405 3681 Χαονες
2459 3608 2620 3686 βου-

494 3688 765 3793 λόμενοι
786 3683 1216 3794 Λκαρνανίαν
1239 3689 1467 3755 πᾶσαν
1489 3687 2095 3796 καταστρέψασθαι
2117 3689 2251 3754 κτλ.
2273 3728 2361 3736 -—
2383 3685 2537 3771 ἐστρ
2541 3713 2623 3751 α-

495 3769 765 3839 τεύοντο
812 3771 886 3838 δὲ
912 3773 1080 3854 μετὰ
1109 3771 1390 3839 Χαόνων
1417 3773 1536 3840 καὶ
1571 3772 1965 3860 Θεσπρωτοὶ
1993 3768 2423 3857 ἀβασίλευτοι
2450 3772 2621 3841 κτλ.;

636 3977 718 4041 87)
736 4035 737 4038 ¹
758 3977 937 4041 [Etiam
961 3978 1183 4029 Hlausen
1212 3982 1408 4030 Aeneas
1432 3979 1501 4043 II,
1538 3981 1636 4030 567
1673 3990 1724 4032 et
1752 3979 2031 4032 Grotefend
2066 3997 2159 4031 zur
2186 3979 2484 4031 Goschichto
2518 3980 2623 4028 und

443 4094 449 4099 ,
500 4043 686 4107 Geogr.
713 4061 811 4096 von
836 4045 1154 4097 Alt-Italien
1179 4047 1217 4110 I,
1243 4048 1308 4098 22
1333 4048 1593 4100 Hellanico
1614 4051 1737 4100 haec
1755 4050 2015 4111 tribuuntl.
