<?xml version="1.0" encoding="UTF-8"?>
<!DOCTYPE html PUBLIC "-//W3C//DTD XHTML 1.0 Transitional//EN"
    "http://www.w3.org/TR/xhtml1/DTD/xhtml1-transitional.dtd">
<html xmlns="http://www.w3.org/1999/xhtml" xml:lang="en" lang="en">
 <head>
  <title>
</title>
<meta http-equiv="Content-Type" content="text/html;charset=utf-8" />
  <meta name='ocr-system' content='tesseract 3.04.00' />
  <meta name='ocr-capabilities' content='ocr_page ocr_carea ocr_par ocr_line ocrx_word'/>
</head>
<body>
  <div class='ocr_page' id='page_1' title='image "./ausgewhlteaufst01khgoog_0154.png"; bbox 0 0 2867 4717; ppageno 0'>
   <div class='ocr_carea' id='block_1_1' title="bbox 979 415 2409 486">
    <p class='ocr_par' dir='ltr' id='par_1_1' title="bbox 979 415 2409 486">
     <span class='ocr_line' id='line_1_1' title="bbox 979 415 2409 486; baseline 0.001 -16"><span class='ocrx_word' id='word_1_1' title='bbox 979 416 1254 470; x_wconf 84' lang='lat' dir='ltr'>nominis</span> <span class='ocrx_word' id='word_1_2' title='bbox 1291 415 1723 486; x_wconf 83' lang='lat' dir='ltr'>Caryatidum.</span> <span class='ocrx_word' id='word_1_3' title='bbox 2306 416 2409 471; x_wconf 83' lang='lat'>141</span> 
     </span>
    </p>
   </div>
   <div class='ocr_carea' id='block_1_2' title="bbox 300 571 2423 3107">
    <p class='ocr_par' dir='ltr' id='par_1_2' title="bbox 300 571 2417 1164">
     <span class='ocr_line' id='line_1_2' title="bbox 302 571 2412 656; baseline -0 -20"><span class='ocrx_word' id='word_1_4' title='bbox 302 576 521 656; x_wconf 89' lang='lat' dir='ltr'>quippe</span> <span class='ocrx_word' id='word_1_5' title='bbox 548 573 800 652; x_wconf 85' lang='lat' dir='ltr'>virgines</span> <span class='ocrx_word' id='word_1_6' title='bbox 825 572 1163 652; x_wconf 80' lang='lat' dir='ltr'>SpartanaS,</span> <span class='ocrx_word' id='word_1_7' title='bbox 1188 571 1455 634; x_wconf 90' lang='lat' dir='ltr'>Doriensi</span> <span class='ocrx_word' id='word_1_8' title='bbox 1484 574 1694 635; x_wconf 87' lang='lat' dir='ltr'>vestitu</span> <span class='ocrx_word' id='word_1_9' title='bbox 1723 573 1958 634; x_wconf 90' lang='lat' dir='ltr'>indutas</span> <span class='ocrx_word' id='word_1_10' title='bbox 1986 573 2166 635; x_wconf 82' lang='lat' dir='ltr'>fuisse</span> <span class='ocrx_word' id='word_1_11' title='bbox 2195 591 2412 635; x_wconf 89' lang='lat' dir='ltr'>conve-</span> 
     </span>
     <span class='ocr_line' id='line_1_3' title="bbox 300 656 2410 741; baseline -0.002 -19"><span class='ocrx_word' id='word_1_12' title='bbox 300 661 392 722; x_wconf 90' lang='lat' dir='ltr'>nit</span> <span class='ocrx_word' id='word_1_13' title='bbox 427 679 612 741; x_wconf 91' lang='lat' dir='ltr'>eoque</span> <span class='ocrx_word' id='word_1_14' title='bbox 650 659 722 720; x_wconf 90' lang='lat' dir='ltr'>ad</span> <span class='ocrx_word' id='word_1_15' title='bbox 763 657 1087 719; x_wconf 90' lang='lat' dir='ltr'>saltandum</span> <span class='ocrx_word' id='word_1_16' title='bbox 1129 676 1302 738; x_wconf 90' lang='lat' dir='ltr'>quam</span> <span class='ocrx_word' id='word_1_17' title='bbox 1342 659 1593 719; x_wconf 82' lang='lat' dir='ltr'>maxime</span> <span class='ocrx_word' id='word_1_18' title='bbox 1630 658 2103 731; x_wconf 87' lang='lat' dir='ltr'>accommodato,</span> <span class='ocrx_word' id='word_1_19' title='bbox 2151 656 2252 718; x_wconf 91' lang='lat' dir='ltr'>abs</span> <span class='ocrx_word' id='word_1_20' title='bbox 2294 676 2410 738; x_wconf 92' lang='lat' dir='ltr'>quo</span> 
     </span>
     <span class='ocr_line' id='line_1_4' title="bbox 302 743 2414 824; baseline -0.001 -17"><span class='ocrx_word' id='word_1_21' title='bbox 302 745 503 807; x_wconf 89' lang='lat' dir='ltr'>habitu</span> <span class='ocrx_word' id='word_1_22' title='bbox 528 744 669 806; x_wconf 89' lang='lat' dir='ltr'>satis</span> <span class='ocrx_word' id='word_1_23' title='bbox 701 749 944 822; x_wconf 90' lang='lat' dir='ltr'>apparet</span> <span class='ocrx_word' id='word_1_24' title='bbox 964 761 1083 816; x_wconf 82' lang='lat' dir='ltr'>eaS‚</span> <span class='ocrx_word' id='word_1_25' title='bbox 1116 760 1262 824; x_wconf 88' lang='lat' dir='ltr'>quae</span> <span class='ocrx_word' id='word_1_26' title='bbox 1290 760 1449 803; x_wconf 91' lang='lat' dir='ltr'>nunc</span> <span class='ocrx_word' id='word_1_27' title='bbox 1469 749 1715 817; x_wconf 90' lang='lat' dir='ltr'>exstant,</span> <span class='ocrx_word' id='word_1_28' title='bbox 1744 743 2107 823; x_wconf 83' lang='lat' dir='ltr'>Caryatidum</span> <span class='ocrx_word' id='word_1_29' title='bbox 2130 743 2414 820; x_wconf 83' lang='lat' dir='ltr'>imagines</span> 
     </span>
     <span class='ocr_line' id='line_1_5' title="bbox 304 826 2415 907; baseline -0.003 -14"><span class='ocrx_word' id='word_1_30' title='bbox 304 850 437 893; x_wconf 86' lang='lat' dir='ltr'>cum</span> <span class='ocrx_word' id='word_1_31' title='bbox 468 830 719 891; x_wconf 83' lang='lat' dir='ltr'>maxime</span> <span class='ocrx_word' id='word_1_32' title='bbox 749 827 1081 888; x_wconf 88' lang='lat' dir='ltr'>abhorrere.</span> <span class='ocrx_word' id='word_1_33' title='bbox 1145 826 1304 899; x_wconf 87' lang='lat' dir='ltr'>Quas</span> <span class='ocrx_word' id='word_1_34' title='bbox 1344 827 1420 888; x_wconf 94' lang='lat' dir='ltr'>ob</span> <span class='ocrx_word' id='word_1_35' title='bbox 1452 845 1690 889; x_wconf 82' lang='lat' dir='ltr'><strong>caussas</strong></span> <span class='ocrx_word' id='word_1_36' title='bbox 1720 846 1971 907; x_wconf 89' lang='lat' dir='ltr'>prorsus</span> <span class='ocrx_word' id='word_1_37' title='bbox 2003 827 2266 889; x_wconf 81' lang='lat' dir='ltr'>absimile</span> <span class='ocrx_word' id='word_1_38' title='bbox 2295 828 2415 888; x_wconf 86' lang='lat' dir='ltr'>veri</span> 
     </span>
     <span class='ocr_line' id='line_1_6' title="bbox 305 911 2414 993; baseline -0.002 -16"><span class='ocrx_word' id='word_1_39' title='bbox 305 923 425 989; x_wconf 92' lang='lat' dir='ltr'>est,</span> <span class='ocrx_word' id='word_1_40' title='bbox 462 915 715 993; x_wconf 84' lang='lat' dir='ltr'>virgines</span> <span class='ocrx_word' id='word_1_41' title='bbox 747 912 1072 991; x_wconf 85' lang='lat' dir='ltr'>Caryatidas</span> <span class='ocrx_word' id='word_1_42' title='bbox 1104 930 1238 973; x_wconf 91' lang='lat' dir='ltr'>cum</span> <span class='ocrx_word' id='word_1_43' title='bbox 1267 911 1586 990; x_wconf 90' lang='lat' dir='ltr'>virginibus</span> <span class='ocrx_word' id='word_1_44' title='bbox 1620 912 1981 991; x_wconf 87' lang='lat' dir='ltr'>Canephoris</span> <span class='ocrx_word' id='word_1_45' title='bbox 2011 931 2271 991; x_wconf 89' lang='lat' dir='ltr'>unquam</span> <span class='ocrx_word' id='word_1_46' title='bbox 2301 931 2414 991; x_wconf 90' lang='lat' dir='ltr'>po-</span> 
     </span>
     <span class='ocr_line' id='line_1_7' title="bbox 303 996 2417 1077; baseline -0.003 -15"><span class='ocrx_word' id='word_1_47' title='bbox 303 1000 486 1062; x_wconf 88' lang='lat' dir='ltr'>tuisse</span> <span class='ocrx_word' id='word_1_48' title='bbox 517 997 827 1070; x_wconf 75' lang='lat' dir='ltr'>confundi3</span> <span class='ocrx_word' id='word_1_49' title='bbox 859 997 1017 1077; x_wconf 92' lang='lat' dir='ltr'>quod</span> <span class='ocrx_word' id='word_1_50' title='bbox 1048 997 1100 1058; x_wconf 91' lang='lat' dir='ltr'>si</span> <span class='ocrx_word' id='word_1_51' title='bbox 1131 997 1324 1071; x_wconf 89' lang='lat' dir='ltr'>datur,</span> <span class='ocrx_word' id='word_1_52' title='bbox 1357 1015 1561 1058; x_wconf 88' lang='lat' dir='ltr'>vereor</span> <span class='ocrx_word' id='word_1_53' title='bbox 1589 997 1856 1077; x_wconf 89' lang='lat' dir='ltr'>equidem</span> <span class='ocrx_word' id='word_1_54' title='bbox 1886 1006 1954 1060; x_wconf 90' lang='lat' dir='ltr'>ut</span> <span class='ocrx_word' id='word_1_55' title='bbox 1979 997 2071 1059; x_wconf 91' lang='lat' dir='ltr'>illa</span> <span class='ocrx_word' id='word_1_56' title='bbox 2098 996 2417 1076; x_wconf 91' lang='lat' dir='ltr'>Boettigeri</span> 
     </span>
     <span class='ocr_line' id='line_1_8' title="bbox 305 1080 1283 1164; baseline -0.005 -17"><span class='ocrx_word' id='word_1_57' title='bbox 305 1084 729 1164; x_wconf 85' lang='lat' dir='ltr'>argumentatio</span> <span class='ocrx_word' id='word_1_58' title='bbox 764 1082 905 1143; x_wconf 90' lang='lat' dir='ltr'>satis</span> <span class='ocrx_word' id='word_1_59' title='bbox 934 1080 1157 1142; x_wconf 91' lang='lat' dir='ltr'>munita</span> <span class='ocrx_word' id='word_1_60' title='bbox 1190 1082 1283 1142; x_wconf 91' lang='lat' dir='ltr'>sit.</span> 
     </span>
    </p>

    <p class='ocr_par' dir='ltr' id='par_1_3' title="bbox 303 1166 2423 3107">
     <span class='ocr_line' id='line_1_9' title="bbox 475 1166 2412 1248; baseline -0.002 -18"><span class='ocrx_word' id='word_1_61' title='bbox 475 1169 733 1248; x_wconf 87' lang='lat' dir='ltr'>Denique</span> <span class='ocrx_word' id='word_1_62' title='bbox 762 1167 921 1247; x_wconf 84' lang='lat' dir='ltr'>quod</span> <span class='ocrx_word' id='word_1_63' title='bbox 952 1166 1023 1227; x_wconf 90' lang='lat' dir='ltr'>ad</span> <span class='ocrx_word' id='word_1_64' title='bbox 1051 1167 1111 1226; x_wconf 92' lang='lat' dir='ltr'>id</span> <span class='ocrx_word' id='word_1_65' title='bbox 1141 1167 1371 1239; x_wconf 84' lang='lat' dir='ltr'>attinet,</span> <span class='ocrx_word' id='word_1_66' title='bbox 1412 1166 1570 1246; x_wconf 95' lang='lat' dir='ltr'>quod</span> <span class='ocrx_word' id='word_1_67' title='bbox 1610 1174 1995 1228; x_wconf 90' lang='lat' dir='ltr'>monumenta</span> <span class='ocrx_word' id='word_1_68' title='bbox 2034 1166 2272 1238; x_wconf 89' lang='lat' dir='ltr'>artium,</span> <span class='ocrx_word' id='word_1_69' title='bbox 2316 1185 2412 1227; x_wconf 90' lang='lat' dir='ltr'>se-</span> 
     </span>
     <span class='ocr_line' id='line_1_10' title="bbox 305 1250 2415 1333; baseline -0.002 -18"><span class='ocrx_word' id='word_1_70' title='bbox 305 1253 561 1315; x_wconf 86' lang='lat' dir='ltr'>cundum</span> <span class='ocrx_word' id='word_1_71' title='bbox 615 1271 761 1333; x_wconf 90' lang='lat' dir='ltr'>quae</span> <span class='ocrx_word' id='word_1_72' title='bbox 811 1250 1050 1312; x_wconf 88' lang='lat' dir='ltr'>Vitruvii</span> <span class='ocrx_word' id='word_1_73' title='bbox 1102 1250 1523 1312; x_wconf 86' lang='lat' dir='ltr'>obtrectatores</span> <span class='ocrx_word' id='word_1_74' title='bbox 1565 1252 1913 1312; x_wconf 89' lang='lat' dir='ltr'>sententiam</span> <span class='ocrx_word' id='word_1_75' title='bbox 1960 1269 2128 1312; x_wconf 91' lang='lat' dir='ltr'>suam</span> <span class='ocrx_word' id='word_1_76' title='bbox 2166 1251 2415 1311; x_wconf 87' lang='lat' dir='ltr'>maxime</span> 
     </span>
     <span class='ocr_line' id='line_1_11' title="bbox 303 1335 2416 1415; baseline -0.002 -16"><span class='ocrx_word' id='word_1_77' title='bbox 303 1338 735 1409; x_wconf 88' lang='lat' dir='ltr'>formaverunt,</span> <span class='ocrx_word' id='word_1_78' title='bbox 766 1337 1110 1415; x_wconf 86' lang='lat' dir='ltr'>plerumque</span> <span class='ocrx_word' id='word_1_79' title='bbox 1138 1335 1517 1414; x_wconf 86' lang='lat' dir='ltr'>Canephoros</span> <span class='ocrx_word' id='word_1_80' title='bbox 1550 1335 1622 1396; x_wconf 91' lang='lat' dir='ltr'>ab</span> <span class='ocrx_word' id='word_1_81' title='bbox 1650 1335 1976 1396; x_wconf 83' lang='lat' dir='ltr'>architectis</span> <span class='ocrx_word' id='word_1_82' title='bbox 2006 1336 2076 1396; x_wconf 94' lang='lat' dir='ltr'>ad</span> <span class='ocrx_word' id='word_1_83' title='bbox 2106 1337 2416 1413; x_wconf 89' lang='lat' dir='ltr'>figuratum</span> 
     </span>
     <span class='ocr_line' id='line_1_12' title="bbox 304 1419 2416 1499; baseline -0.002 -15"><span class='ocrx_word' id='word_1_84' title='bbox 304 1422 466 1484; x_wconf 88' lang='lat' dir='ltr'>illum</span> <span class='ocrx_word' id='word_1_85' title='bbox 497 1422 900 1484; x_wconf 90' lang='lat' dir='ltr'>columnarum</span> <span class='ocrx_word' id='word_1_86' title='bbox 921 1438 1099 1482; x_wconf 90' lang='lat' dir='ltr'>usum</span> <span class='ocrx_word' id='word_1_87' title='bbox 1129 1420 1414 1482; x_wconf 88' lang='lat' dir='ltr'>adhibitas</span> <span class='ocrx_word' id='word_1_88' title='bbox 1442 1419 1628 1482; x_wconf 82' lang='lat' dir='ltr'>fuisse</span> <span class='ocrx_word' id='word_1_89' title='bbox 1651 1420 1978 1494; x_wconf 84' lang='lat' dir='ltr'>ostendant,</span> <span class='ocrx_word' id='word_1_90' title='bbox 2005 1426 2160 1480; x_wconf 90' lang='lat' dir='ltr'>recte</span> <span class='ocrx_word' id='word_1_91' title='bbox 2182 1420 2416 1499; x_wconf 90' lang='lat' dir='ltr'>quidem</span> 
     </span>
     <span class='ocr_line' id='line_1_13' title="bbox 304 1504 2417 1586; baseline -0.001 -18"><span class='ocrx_word' id='word_1_92' title='bbox 304 1507 444 1568; x_wconf 91' lang='lat' dir='ltr'>illud</span> <span class='ocrx_word' id='word_1_93' title='bbox 473 1506 820 1581; x_wconf 84' lang='lat' dir='ltr'>affirmatur,</span> <span class='ocrx_word' id='word_1_94' title='bbox 851 1507 901 1567; x_wconf 93' lang='lat' dir='ltr'>si</span> <span class='ocrx_word' id='word_1_95' title='bbox 930 1505 1132 1567; x_wconf 90' lang='lat' dir='ltr'>dicunt</span> <span class='ocrx_word' id='word_1_96' title='bbox 1157 1506 1532 1586; x_wconf 88' lang='lat' dir='ltr'>plerumque,</span> <span class='ocrx_word' id='word_1_97' title='bbox 1569 1505 1810 1565; x_wconf 90' lang='lat' dir='ltr'>minime</span> <span class='ocrx_word' id='word_1_98' title='bbox 1840 1523 2008 1578; x_wconf 88' lang='lat' dir='ltr'>vero,</span> <span class='ocrx_word' id='word_1_99' title='bbox 2047 1506 2096 1565; x_wconf 91' lang='lat' dir='ltr'>si</span> <span class='ocrx_word' id='word_1_100' title='bbox 2127 1504 2265 1565; x_wconf 90' lang='lat' dir='ltr'>alias</span> <span class='ocrx_word' id='word_1_101' title='bbox 2295 1512 2417 1565; x_wconf 87' lang='lat' dir='ltr'>sta-</span> 
     </span>
     <span class='ocr_line' id='line_1_14' title="bbox 304 1588 2417 1668; baseline -0.002 -14"><span class='ocrx_word' id='word_1_102' title='bbox 304 1599 435 1654; x_wconf 89' lang='lat' dir='ltr'>tuas</span> <span class='ocrx_word' id='word_1_103' title='bbox 466 1591 776 1653; x_wconf 91' lang='lat' dir='ltr'>muliebres</span> <span class='ocrx_word' id='word_1_104' title='bbox 806 1590 879 1654; x_wconf 88' lang='lat' dir='ltr'>ad</span> <span class='ocrx_word' id='word_1_105' title='bbox 919 1591 1171 1652; x_wconf 91' lang='lat' dir='ltr'>eundem</span> <span class='ocrx_word' id='word_1_106' title='bbox 1199 1609 1375 1651; x_wconf 91' lang='lat' dir='ltr'>usum</span> <span class='ocrx_word' id='word_1_107' title='bbox 1406 1589 1692 1652; x_wconf 90' lang='lat' dir='ltr'>admissas</span> <span class='ocrx_word' id='word_1_108' title='bbox 1724 1589 1908 1651; x_wconf 82' lang='lat' dir='ltr'>fuisse</span> <span class='ocrx_word' id='word_1_109' title='bbox 1936 1595 2168 1668; x_wconf 88' lang='lat' dir='ltr'>negant.</span> <span class='ocrx_word' id='word_1_110' title='bbox 2228 1588 2327 1651; x_wconf 91' lang='lat' dir='ltr'>Sic</span> <span class='ocrx_word' id='word_1_111' title='bbox 2355 1589 2417 1649; x_wconf 91' lang='lat' dir='ltr'>in</span> 
     </span>
     <span class='ocr_line' id='line_1_15' title="bbox 305 1674 2416 1754; baseline -0.001 -17"><span class='ocrx_word' id='word_1_112' title='bbox 305 1676 496 1737; x_wconf 89' lang='lat' dir='ltr'>hortis</span> <span class='ocrx_word' id='word_1_113' title='bbox 526 1675 953 1737; x_wconf 85' lang='lat' dir='ltr'>Albanensibus</span> <span class='ocrx_word' id='word_1_114' title='bbox 983 1677 1099 1736; x_wconf 90' lang='lat' dir='ltr'>hoc</span> <span class='ocrx_word' id='word_1_115' title='bbox 1127 1694 1333 1754; x_wconf 85' lang='lat' dir='ltr'>genere</span> <span class='ocrx_word' id='word_1_116' title='bbox 1370 1681 1696 1737; x_wconf 88' lang='lat' dir='ltr'>statuarum</span> <span class='ocrx_word' id='word_1_117' title='bbox 1726 1674 2034 1736; x_wconf 88' lang='lat' dir='ltr'>ditissimis</span> <span class='ocrx_word' id='word_1_118' title='bbox 2063 1692 2180 1735; x_wconf 90' lang='lat' dir='ltr'>una</span> <span class='ocrx_word' id='word_1_119' title='bbox 2211 1679 2416 1747; x_wconf 88' lang='lat' dir='ltr'>exstat,</span> 
     </span>
     <span class='ocr_line' id='line_1_16' title="bbox 306 1759 2416 1839; baseline -0.001 -17"><span class='ocrx_word' id='word_1_120' title='bbox 306 1761 593 1822; x_wconf 84' lang='lat' dir='ltr'>artificum</span> <span class='ocrx_word' id='word_1_121' title='bbox 621 1760 718 1821; x_wconf 88' lang='lat' dir='ltr'>illa</span> <span class='ocrx_word' id='word_1_122' title='bbox 745 1760 1086 1821; x_wconf 90' lang='lat' dir='ltr'>nominibus</span> <span class='ocrx_word' id='word_1_123' title='bbox 1116 1760 1382 1839; x_wconf 89' lang='lat' dir='ltr'>insignis,</span> <span class='ocrx_word' id='word_1_124' title='bbox 1420 1778 1567 1839; x_wconf 90' lang='lat' dir='ltr'>quae</span> <span class='ocrx_word' id='word_1_125' title='bbox 1596 1760 1835 1821; x_wconf 88' lang='lat' dir='ltr'>nebride</span> <span class='ocrx_word' id='word_1_126' title='bbox 1862 1759 2066 1820; x_wconf 90' lang='lat' dir='ltr'>induta</span> <span class='ocrx_word' id='word_1_127' title='bbox 2095 1764 2187 1820; x_wconf 92' lang='lat' dir='ltr'>est</span> <span class='ocrx_word' id='word_1_128' title='bbox 2217 1766 2275 1820; x_wconf 90' lang='lat' dir='ltr'>et</span> <span class='ocrx_word' id='word_1_129' title='bbox 2302 1759 2416 1819; x_wconf 92' lang='lat' dir='ltr'>mi-</span> 
     </span>
     <span class='ocr_line' id='line_1_17' title="bbox 305 1842 2417 1925; baseline -0.002 -18"><span class='ocrx_word' id='word_1_130' title='bbox 305 1846 466 1907; x_wconf 89' lang='lat' dir='ltr'>nime</span> <span class='ocrx_word' id='word_1_131' title='bbox 494 1853 695 1925; x_wconf 87' lang='lat' dir='ltr'>potest</span> <span class='ocrx_word' id='word_1_132' title='bbox 720 1844 993 1924; x_wconf 90' lang='lat' dir='ltr'>appellari</span> <span class='ocrx_word' id='word_1_133' title='bbox 1023 1844 1430 1923; x_wconf 82' lang='lat' dir='ltr'>Canephoros3</span> <span class='ocrx_word' id='word_1_134' title='bbox 1460 1845 1684 1923; x_wconf 90' lang='lat' dir='ltr'>aliaque</span> <span class='ocrx_word' id='word_1_135' title='bbox 1715 1842 2004 1905; x_wconf 92' lang='lat' dir='ltr'>eiusmodi</span> <span class='ocrx_word' id='word_1_136' title='bbox 2034 1850 2240 1916; x_wconf 89' lang='lat' dir='ltr'>statua,</span> <span class='ocrx_word' id='word_1_137' title='bbox 2272 1861 2417 1922; x_wconf 91' lang='lat' dir='ltr'>quae</span> 
     </span>
     <span class='ocr_line' id='line_1_18' title="bbox 306 1926 2416 2002; baseline -0.002 -10"><span class='ocrx_word' id='word_1_138' title='bbox 306 1929 617 1992; x_wconf 88' lang='lat' dir='ltr'>matronali</span> <span class='ocrx_word' id='word_1_139' title='bbox 655 1930 856 1991; x_wconf 90' lang='lat' dir='ltr'>babitu</span> <span class='ocrx_word' id='word_1_140' title='bbox 894 1936 952 1990; x_wconf 90' lang='lat' dir='ltr'>et</span> <span class='ocrx_word' id='word_1_141' title='bbox 990 1928 1433 1990; x_wconf 89' lang='lat' dir='ltr'>meditabundae</span> <span class='ocrx_word' id='word_1_142' title='bbox 1475 1928 1681 1989; x_wconf 91' lang='lat' dir='ltr'>similis</span> <span class='ocrx_word' id='word_1_143' title='bbox 1721 1935 1838 2002; x_wconf 89' lang='lat' dir='ltr'>est,</span> <span class='ocrx_word' id='word_1_144' title='bbox 1881 1926 2137 1988; x_wconf 90' lang='lat' dir='ltr'>cernitur</span> <span class='ocrx_word' id='word_1_145' title='bbox 2168 1928 2230 1988; x_wconf 91' lang='lat' dir='ltr'>in</span> <span class='ocrx_word' id='word_1_146' title='bbox 2269 1927 2416 1987; x_wconf 91' lang='lat' dir='ltr'>Bra-</span> 
     </span>
     <span class='ocr_line' id='line_1_19' title="bbox 310 2011 2414 2093; baseline -0.001 -18"><span class='ocrx_word' id='word_1_147' title='bbox 310 2015 441 2075; x_wconf 90' lang='lat' dir='ltr'>chio</span> <span class='ocrx_word' id='word_1_148' title='bbox 471 2033 656 2086; x_wconf 87' lang='lat' dir='ltr'>novo,</span> <span class='ocrx_word' id='word_1_149' title='bbox 700 2014 855 2093; x_wconf 92' lang='lat' dir='ltr'>quod</span> <span class='ocrx_word' id='word_1_150' title='bbox 888 2021 1157 2086; x_wconf 88' lang='lat' dir='ltr'>vocatur,</span> <span class='ocrx_word' id='word_1_151' title='bbox 1197 2014 1381 2074; x_wconf 89' lang='lat' dir='ltr'>Musei</span> <span class='ocrx_word' id='word_1_152' title='bbox 1410 2012 1669 2074; x_wconf 90' lang='lat' dir='ltr'>Vaticani</span> <span class='ocrx_word' id='word_1_153' title='bbox 1689 2013 1806 2091; x_wconf 87' lang='lat'><strong>1⁰).</strong></span> <span class='ocrx_word' id='word_1_154' title='bbox 1867 2011 2020 2084; x_wconf 87' lang='lat' dir='ltr'>Quid</span> <span class='ocrx_word' id='word_1_155' title='bbox 2052 2012 2211 2090; x_wconf 91' lang='lat' dir='ltr'>quod</span> <span class='ocrx_word' id='word_1_156' title='bbox 2242 2011 2414 2072; x_wconf 90' lang='lat' dir='ltr'>etiam</span> 
     </span>
     <span class='ocr_line' id='line_1_20' title="bbox 310 2096 2417 2179; baseline -0.001 -20"><span class='ocrx_word' id='word_1_157' title='bbox 310 2099 640 2179; x_wconf 79' lang='lat' dir='ltr'>Caryatides</span> <span class='ocrx_word' id='word_1_158' title='bbox 671 2098 863 2160; x_wconf 84' lang='lat' dir='ltr'>servili</span> <span class='ocrx_word' id='word_1_159' title='bbox 889 2098 1090 2159; x_wconf 92' lang='lat' dir='ltr'>habitu</span> <span class='ocrx_word' id='word_1_160' title='bbox 1116 2097 1401 2158; x_wconf 86' lang='lat' dir='ltr'>formatae</span> <span class='ocrx_word' id='word_1_161' title='bbox 1429 2103 1674 2171; x_wconf 88' lang='lat' dir='ltr'>exstant,</span> <span class='ocrx_word' id='word_1_162' title='bbox 1702 2098 1859 2176; x_wconf 91' lang='lat' dir='ltr'>quod</span> <span class='ocrx_word' id='word_1_163' title='bbox 1887 2096 2037 2176; x_wconf 82' lang='lat' dir='ltr'>fugit</span> <span class='ocrx_word' id='word_1_164' title='bbox 2055 2096 2417 2168; x_wconf 89' lang='lat' dir='ltr'>Viscontum‚</span> 
     </span>
     <span class='ocr_line' id='line_1_21' title="bbox 311 2180 2422 2261; baseline -0.001 -16"><span class='ocrx_word' id='word_1_165' title='bbox 311 2183 623 2246; x_wconf 72' lang='lat' dir='ltr'>Memoires</span> <span class='ocrx_word' id='word_1_166' title='bbox 654 2201 757 2245; x_wconf 92' lang='lat' dir='ltr'>sur</span> <span class='ocrx_word' id='word_1_167' title='bbox 783 2183 866 2243; x_wconf 92' lang='lat' dir='ltr'>les</span> <span class='ocrx_word' id='word_1_168' title='bbox 897 2182 1566 2261; x_wconf 78' lang='lat' dir='ltr'>sculptures-d&#39;Athenes</span> <span class='ocrx_word' id='word_1_169' title='bbox 1598 2201 1657 2261; x_wconf 88' lang='lat' dir='ltr'>p.</span> <span class='ocrx_word' id='word_1_170' title='bbox 1688 2181 1798 2255; x_wconf 82' lang='lat'>91,</span> <span class='ocrx_word' id='word_1_171' title='bbox 1841 2182 1940 2261; x_wconf 91' lang='lat' dir='ltr'>qui</span> <span class='ocrx_word' id='word_1_172' title='bbox 1979 2181 2250 2242; x_wconf 90' lang='lat' dir='ltr'>dubitans</span> <span class='ocrx_word' id='word_1_173' title='bbox 2289 2180 2422 2261; x_wconf 91' lang='lat' dir='ltr'>qui-</span> 
     </span>
     <span class='ocr_line' id='line_1_22' title="bbox 313 2265 2423 2343; baseline -0 -15"><span class='ocrx_word' id='word_1_174' title='bbox 313 2268 450 2328; x_wconf 89' lang='lat' dir='ltr'>dem</span> <span class='ocrx_word' id='word_1_175' title='bbox 484 2269 554 2328; x_wconf 92' lang='grc'>(16</span> <span class='ocrx_word' id='word_1_176' title='bbox 582 2267 914 2330; x_wconf 88' lang='lat' dir='ltr'>narratione</span> <span class='ocrx_word' id='word_1_177' title='bbox 936 2266 1283 2339; x_wconf 88' lang='lat' dir='ltr'>Vitruviana‚</span> <span class='ocrx_word' id='word_1_178' title='bbox 1315 2268 1420 2328; x_wconf 92' lang='lat' dir='ltr'>sed</span> <span class='ocrx_word' id='word_1_179' title='bbox 1446 2285 1568 2328; x_wconf 92' lang='lat' dir='ltr'>non</span> <span class='ocrx_word' id='word_1_180' title='bbox 1592 2284 1826 2327; x_wconf 89' lang='lat' dir='ltr'>omnem</span> <span class='ocrx_word' id='word_1_181' title='bbox 1857 2267 1910 2326; x_wconf 91' lang='lat' dir='ltr'>ei</span> <span class='ocrx_word' id='word_1_182' title='bbox 1939 2266 2112 2326; x_wconf 85' lang='lat' dir='ltr'>fidem</span> <span class='ocrx_word' id='word_1_183' title='bbox 2136 2265 2423 2343; x_wconf 86' lang='lat' dir='ltr'>abnegare</span> 
     </span>
     <span class='ocr_line' id='line_1_23' title="bbox 313 2350 2420 2431; baseline -0.002 -18"><span class='ocrx_word' id='word_1_184' title='bbox 313 2371 523 2426; x_wconf 82' lang='lat' dir='ltr'>ausuS,</span> <span class='ocrx_word' id='word_1_185' title='bbox 564 2353 652 2414; x_wconf 90' lang='lat' dir='ltr'>sic</span> <span class='ocrx_word' id='word_1_186' title='bbox 689 2352 918 2413; x_wconf 87' lang='lat' dir='ltr'>scribit:</span> <span class='ocrx_word' id='word_1_187' title='bbox 958 2354 1007 2411; x_wconf 88' lang='lat' dir='ltr'>A</span> <span class='ocrx_word' id='word_1_188' title='bbox 1045 2353 1096 2412; x_wconf 90' lang='lat' dir='ltr'>la</span> <span class='ocrx_word' id='word_1_189' title='bbox 1127 2351 1304 2412; x_wconf 75' lang='lat' dir='ltr'>verite</span> <span class='ocrx_word' id='word_1_190' title='bbox 1343 2370 1567 2412; x_wconf 88' lang='lat' dir='ltr'>aucune</span> <span class='ocrx_word' id='word_1_191' title='bbox 1596 2351 1892 2431; x_wconf 83' lang='lat' dir='ltr'>Caryatide</span> <span class='ocrx_word' id='word_1_192' title='bbox 1930 2351 2190 2430; x_wconf 89' lang='lat' dir='ltr'>antique,</span> <span class='ocrx_word' id='word_1_193' title='bbox 2224 2368 2338 2430; x_wconf 91' lang='lat' dir='ltr'>que</span> <span class='ocrx_word' id='word_1_194' title='bbox 2362 2350 2420 2429; x_wconf 91' lang='lat' dir='ltr'>je</span> 
     </span>
     <span class='ocr_line' id='line_1_24' title="bbox 315 2435 2420 2515; baseline -0.001 -18"><span class='ocrx_word' id='word_1_195' title='bbox 315 2437 657 2511; x_wconf 91' lang='lat' dir='ltr'>connoisse‚</span> <span class='ocrx_word' id='word_1_196' title='bbox 688 2455 761 2497; x_wconf 91' lang='lat' dir='ltr'>ne</span> <span class='ocrx_word' id='word_1_197' title='bbox 790 2436 1126 2515; x_wconf 77' lang='lat' dir='ltr'>represente</span> <span class='ocrx_word' id='word_1_198' title='bbox 1153 2453 1271 2496; x_wconf 91' lang='lat' dir='ltr'>une</span> <span class='ocrx_word' id='word_1_199' title='bbox 1302 2437 1549 2515; x_wconf 88' lang='lat' dir='ltr'>captive.</span> <span class='ocrx_word' id='word_1_200' title='bbox 1609 2436 1947 2514; x_wconf 90' lang='lat' dir='ltr'>Cependant</span> <span class='ocrx_word' id='word_1_201' title='bbox 1975 2454 2205 2495; x_wconf 89' lang='lat' dir='ltr'>comme</span> <span class='ocrx_word' id='word_1_202' title='bbox 2233 2435 2317 2496; x_wconf 92' lang='lat' dir='ltr'>les</span> <span class='ocrx_word' id='word_1_203' title='bbox 2348 2435 2420 2494; x_wconf 90' lang='lat' dir='ltr'>fi-</span> 
     </span>
     <span class='ocr_line' id='line_1_25' title="bbox 314 2519 2421 2601; baseline -0.002 -18"><span class='ocrx_word' id='word_1_204' title='bbox 314 2540 486 2601; x_wconf 85' lang='lat' dir='ltr'>gures</span> <span class='ocrx_word' id='word_1_205' title='bbox 528 2523 631 2582; x_wconf 92' lang='lat' dir='ltr'>des</span> <span class='ocrx_word' id='word_1_206' title='bbox 671 2521 1038 2601; x_wconf 89' lang='lat' dir='ltr'>prisonniers</span> <span class='ocrx_word' id='word_1_207' title='bbox 1081 2538 1285 2600; x_wconf 89' lang='lat' dir='ltr'>perses</span> <span class='ocrx_word' id='word_1_208' title='bbox 1319 2520 1726 2599; x_wconf 88' lang='lat' dir='ltr'>supportaient</span> <span class='ocrx_word' id='word_1_209' title='bbox 1753 2522 1786 2579; x_wconf 80' lang='lat' dir='ltr'>a</span> <span class='ocrx_word' id='word_1_210' title='bbox 1819 2520 2025 2599; x_wconf 90' lang='lat' dir='ltr'>Sparte</span> <span class='ocrx_word' id='word_1_211' title='bbox 2062 2519 2114 2580; x_wconf 92' lang='lat' dir='ltr'>le</span> <span class='ocrx_word' id='word_1_212' title='bbox 2143 2519 2254 2580; x_wconf 91' lang='lat' dir='ltr'>toit</span> <span class='ocrx_word' id='word_1_213' title='bbox 2283 2519 2421 2580; x_wconf 85' lang='lat' dir='ltr'>d&#39;un</span> 
     </span>
     <span class='ocr_line' id='line_1_26' title="bbox 313 2604 2418 2686; baseline -0.001 -20"><span class='ocrx_word' id='word_1_214' title='bbox 313 2606 623 2686; x_wconf 90' lang='lat' dir='ltr'>portique¹</span> <span class='ocrx_word' id='word_1_215' title='bbox 646 2608 729 2682; x_wconf 91' lang='grc'>1),</span> <span class='ocrx_word' id='word_1_216' title='bbox 771 2606 808 2666; x_wconf 91' lang='lat' dir='ltr'>il</span> <span class='ocrx_word' id='word_1_217' title='bbox 839 2606 988 2666; x_wconf 86' lang='lat' dir='ltr'>n&#39;est</span> <span class='ocrx_word' id='word_1_218' title='bbox 1014 2623 1120 2684; x_wconf 90' lang='lat' dir='ltr'>pas</span> <span class='ocrx_word' id='word_1_219' title='bbox 1156 2606 1298 2666; x_wconf 91' lang='lat' dir='ltr'>hors</span> <span class='ocrx_word' id='word_1_220' title='bbox 1340 2606 1411 2666; x_wconf 90' lang='grc'>(16</span> <span class='ocrx_word' id='word_1_221' title='bbox 1440 2612 1603 2666; x_wconf 90' lang='lat' dir='ltr'>toute</span> <span class='ocrx_word' id='word_1_222' title='bbox 1641 2604 2124 2678; x_wconf 85' lang='lat' dir='ltr'>vraisemblance‚</span> <span class='ocrx_word' id='word_1_223' title='bbox 2166 2622 2277 2683; x_wconf 90' lang='lat' dir='ltr'>que</span> <span class='ocrx_word' id='word_1_224' title='bbox 2315 2604 2418 2664; x_wconf 89' lang='lat' dir='ltr'>des</span> 
     </span>
     <span class='ocr_line' id='line_1_27' title="bbox 315 2689 2418 2768; baseline -0.001 -18"><span class='ocrx_word' id='word_1_225' title='bbox 315 2691 530 2767; x_wconf 89' lang='lat' dir='ltr'>figures</span> <span class='ocrx_word' id='word_1_226' title='bbox 570 2691 641 2751; x_wconf 91' lang='grc'>(16</span> <span class='ocrx_word' id='word_1_227' title='bbox 681 2691 929 2751; x_wconf 82' lang='lat' dir='ltr'>femmes</span> <span class='ocrx_word' id='word_1_228' title='bbox 974 2689 1223 2768; x_wconf 89' lang='lat' dir='ltr'>captives</span> <span class='ocrx_word' id='word_1_229' title='bbox 1264 2689 1419 2750; x_wconf 92' lang='lat' dir='ltr'>aient</span> <span class='ocrx_word' id='word_1_230' title='bbox 1457 2689 1546 2750; x_wconf 78' lang='lat' dir='ltr'>ete</span> <span class='ocrx_word' id='word_1_231' title='bbox 1586 2689 1915 2768; x_wconf 76' lang='lat' dir='ltr'>employees</span> <span class='ocrx_word' id='word_1_232' title='bbox 1947 2690 2019 2749; x_wconf 84' lang='lat' dir='ltr'>de</span> <span class='ocrx_word' id='word_1_233' title='bbox 2052 2691 2242 2749; x_wconf 75' lang='lat' dir='ltr'>meme</span> <span class='ocrx_word' id='word_1_234' title='bbox 2274 2689 2418 2748; x_wconf 90' lang='lat' dir='ltr'>dans</span> 
     </span>
     <span class='ocr_line' id='line_1_28' title="bbox 315 2772 2420 2856; baseline -0.002 -20"><span class='ocrx_word' id='word_1_235' title='bbox 315 2776 593 2856; x_wconf 90' lang='lat' dir='ltr'>quelques</span> <span class='ocrx_word' id='word_1_236' title='bbox 620 2782 998 2836; x_wconf 90' lang='lat' dir='ltr'>monuments</span> <span class='ocrx_word' id='word_1_237' title='bbox 1023 2774 1094 2834; x_wconf 95' lang='grc'>(16</span> <span class='ocrx_word' id='word_1_238' title='bbox 1116 2774 1167 2834; x_wconf 90' lang='lat' dir='ltr'>la</span> <span class='ocrx_word' id='word_1_239' title='bbox 1192 2774 1390 2834; x_wconf 77' lang='lat' dir='ltr'>Grece.</span> <span class='ocrx_word' id='word_1_240' title='bbox 1452 2774 1646 2834; x_wconf 90' lang='lat' dir='ltr'>Unum</span> <span class='ocrx_word' id='word_1_241' title='bbox 1670 2772 1961 2833; x_wconf 89' lang='lat' dir='ltr'>eiusmodi</span> <span class='ocrx_word' id='word_1_242' title='bbox 1983 2772 2236 2851; x_wconf 91' lang='lat' dir='ltr'>signum,</span> <span class='ocrx_word' id='word_1_243' title='bbox 2260 2772 2420 2851; x_wconf 90' lang='lat' dir='ltr'>quod</span> 
     </span>
     <span class='ocr_line' id='line_1_29' title="bbox 315 2856 2421 2939; baseline -0.002 -19"><span class='ocrx_word' id='word_1_244' title='bbox 315 2860 608 2921; x_wconf 90' lang='lat' dir='ltr'>Braunius</span> <span class='ocrx_word' id='word_1_245' title='bbox 639 2859 783 2920; x_wconf 90' lang='lat' dir='ltr'>mihi</span> <span class='ocrx_word' id='word_1_246' title='bbox 813 2858 1230 2939; x_wconf 88' lang='lat' dir='ltr'>suppeditavit,</span> <span class='ocrx_word' id='word_1_247' title='bbox 1273 2875 1407 2918; x_wconf 89' lang='lat' dir='ltr'>cum</span> <span class='ocrx_word' id='word_1_248' title='bbox 1441 2858 1565 2918; x_wconf 89' lang='lat' dir='ltr'>aliis</span> <span class='ocrx_word' id='word_1_249' title='bbox 1596 2856 1996 2918; x_wconf 90' lang='lat' dir='ltr'>monumentis</span> <span class='ocrx_word' id='word_1_250' title='bbox 2025 2857 2421 2918; x_wconf 85' lang='lat' dir='ltr'>Herculanen-</span> 
     </span>
     <span class='ocr_line' id='line_1_30' title="bbox 315 2942 2422 3026; baseline -0.001 -21"><span class='ocrx_word' id='word_1_251' title='bbox 315 2944 479 3005; x_wconf 90' lang='lat' dir='ltr'>sibus</span> <span class='ocrx_word' id='word_1_252' title='bbox 509 2945 861 3026; x_wconf 89' lang='lat' dir='ltr'>publicatum</span> <span class='ocrx_word' id='word_1_253' title='bbox 887 2951 976 3005; x_wconf 89' lang='lat' dir='ltr'>est</span> <span class='ocrx_word' id='word_1_254' title='bbox 1003 2944 1064 3003; x_wconf 92' lang='lat' dir='ltr'>in</span> <span class='ocrx_word' id='word_1_255' title='bbox 1096 2959 1274 3020; x_wconf 88' lang='lat' dir='ltr'>opere</span> <span class='ocrx_word' id='word_1_256' title='bbox 1294 2943 1535 3015; x_wconf 88' lang='lat' dir='ltr'>rariore,</span> <span class='ocrx_word' id='word_1_257' title='bbox 1566 2942 1705 3003; x_wconf 91' lang='lat' dir='ltr'>aliae</span> <span class='ocrx_word' id='word_1_258' title='bbox 1735 2959 2032 3003; x_wconf 88' lang='lat' dir='ltr'>servarum</span> <span class='ocrx_word' id='word_1_259' title='bbox 2057 2942 2422 3021; x_wconf 80' lang='lat' dir='ltr'>Caryatidum</span> 
     </span>
     <span class='ocr_line' id='line_1_31' title="bbox 314 3026 2423 3107; baseline -0 -19"><span class='ocrx_word' id='word_1_260' title='bbox 314 3030 535 3107; x_wconf 85' lang='lat' dir='ltr'>figurae</span> <span class='ocrx_word' id='word_1_261' title='bbox 574 3036 802 3090; x_wconf 88' lang='lat' dir='ltr'>exstant</span> <span class='ocrx_word' id='word_1_262' title='bbox 839 3030 990 3090; x_wconf 91' lang='lat' dir='ltr'>inter</span> <span class='ocrx_word' id='word_1_263' title='bbox 1026 3034 1404 3088; x_wconf 87' lang='lat' dir='ltr'>monumenta</span> <span class='ocrx_word' id='word_1_264' title='bbox 1449 3027 1786 3106; x_wconf 88' lang='lat' dir='ltr'>sepulcralia</span> <span class='ocrx_word' id='word_1_265' title='bbox 1825 3027 2172 3106; x_wconf 79' lang='lat' dir='ltr'>Cyrenensia</span> <span class='ocrx_word' id='word_1_266' title='bbox 2200 3026 2352 3088; x_wconf 90' lang='lat' dir='ltr'>edita</span> <span class='ocrx_word' id='word_1_267' title='bbox 2391 3045 2423 3087; x_wconf 90' lang='lat' dir='ltr'>a</span> 
     </span>
    </p>
   </div>
   <div class='ocr_carea' id='block_1_3' title="bbox 314 3111 2422 3273">
    <p class='ocr_par' dir='ltr' id='par_1_4' title="bbox 314 3111 2422 3273">
     <span class='ocr_line' id='line_1_32' title="bbox 314 3111 2422 3192; baseline -0 -19"><span class='ocrx_word' id='word_1_268' title='bbox 314 3114 389 3174; x_wconf 90' lang='lat' dir='ltr'>M.</span> <span class='ocrx_word' id='word_1_269' title='bbox 423 3115 467 3174; x_wconf 94' lang='lat' dir='ltr'>I.</span> <span class='ocrx_word' id='word_1_270' title='bbox 497 3114 565 3173; x_wconf 89' lang='lat' dir='ltr'>R.</span> <span class='ocrx_word' id='word_1_271' title='bbox 597 3114 812 3186; x_wconf 90' lang='lat' dir='ltr'>Pacho,</span> <span class='ocrx_word' id='word_1_272' title='bbox 843 3132 1057 3192; x_wconf 84' lang='lat' dir='ltr'>voyage</span> <span class='ocrx_word' id='word_1_273' title='bbox 1086 3113 1229 3173; x_wconf 91' lang='lat' dir='ltr'>dans</span> <span class='ocrx_word' id='word_1_274' title='bbox 1259 3112 1312 3172; x_wconf 89' lang='lat' dir='ltr'>la</span> <span class='ocrx_word' id='word_1_275' title='bbox 1340 3112 1731 3192; x_wconf 89' lang='lat' dir='ltr'>Marmorique</span> <span class='ocrx_word' id='word_1_276' title='bbox 1764 3118 1823 3173; x_wconf 90' lang='lat' dir='ltr'>et</span> <span class='ocrx_word' id='word_1_277' title='bbox 1850 3111 1903 3171; x_wconf 88' lang='lat' dir='ltr'>la</span> <span class='ocrx_word' id='word_1_278' title='bbox 1932 3111 2286 3190; x_wconf 71' lang='lat' dir='ltr'>Cyrenai‘que</span> <span class='ocrx_word' id='word_1_279' title='bbox 2315 3118 2422 3172; x_wconf 90' lang='lat' dir='ltr'>etc.</span> 
     </span>
     <span class='ocr_line' id='line_1_33' title="bbox 315 3196 1523 3273; baseline -0.001 -15"><span class='ocrx_word' id='word_1_280' title='bbox 315 3197 482 3259; x_wconf 89' lang='lat' dir='ltr'>Paris</span> <span class='ocrx_word' id='word_1_281' title='bbox 518 3198 707 3273; x_wconf 83' lang='lat'>1827,</span> <span class='ocrx_word' id='word_1_282' title='bbox 737 3198 851 3260; x_wconf 90' lang='lat' dir='ltr'>tab.</span> <span class='ocrx_word' id='word_1_283' title='bbox 882 3197 1122 3259; x_wconf 88' lang='lat' dir='ltr'><strong>XXXIX</strong></span> <span class='ocrx_word' id='word_1_284' title='bbox 1150 3204 1209 3258; x_wconf 89' lang='lat' dir='ltr'>et</span> <span class='ocrx_word' id='word_1_285' title='bbox 1234 3196 1354 3258; x_wconf 82' lang='lat' dir='ltr'>tal).</span> <span class='ocrx_word' id='word_1_286' title='bbox 1384 3196 1523 3257; x_wconf 87' lang='lat' dir='ltr'><strong>LVI.</strong></span> 
     </span>
    </p>
   </div>
   <div class='ocr_carea' id='block_1_4' title="bbox 326 3352 715 3361">
    <p class='ocr_par' dir='ltr' id='par_1_5' title="bbox 326 3352 715 3361">
     <span class='ocr_line' id='line_1_34' title="bbox 326 3352 715 3361; baseline 0 1356"><span class='ocrx_word' id='word_1_287' title='bbox 326 3352 715 3361; x_wconf 95' lang='lat' dir='ltr'> </span> 
     </span>
    </p>
   </div>
   <div class='ocr_carea' id='block_1_5' title="bbox 316 3447 2422 4128">
    <p class='ocr_par' dir='ltr' id='par_1_6' title="bbox 316 3447 2422 3992">
     <span class='ocr_line' id='line_1_35' title="bbox 456 3447 2418 3517; baseline 0.001 -18"><span class='ocrx_word' id='word_1_288' title='bbox 456 3451 537 3514; x_wconf 90' lang='grc'>10)</span> <span class='ocrx_word' id='word_1_289' title='bbox 575 3450 637 3503; x_wconf 89' lang='lat' dir='ltr'>V.</span> <span class='ocrx_word' id='word_1_290' title='bbox 663 3451 1033 3516; x_wconf 82' lang='lat' dir='ltr'>Beschreibung</span> <span class='ocrx_word' id='word_1_291' title='bbox 1073 3453 1164 3503; x_wconf 88' lang='lat' dir='ltr'>der</span> <span class='ocrx_word' id='word_1_292' title='bbox 1196 3450 1343 3502; x_wconf 90' lang='lat' dir='ltr'>Stadt</span> <span class='ocrx_word' id='word_1_293' title='bbox 1374 3450 1499 3501; x_wconf 83' lang='lat' dir='ltr'>Rom</span> <span class='ocrx_word' id='word_1_294' title='bbox 1532 3449 1646 3502; x_wconf 91' lang='lat' dir='ltr'>Vol.</span> <span class='ocrx_word' id='word_1_295' title='bbox 1673 3447 1732 3513; x_wconf 88' lang='grc' dir='ltr'>Π,</span> <span class='ocrx_word' id='word_1_296' title='bbox 1758 3450 1816 3514; x_wconf 85' lang='grc'>2,</span> <span class='ocrx_word' id='word_1_297' title='bbox 1851 3467 1898 3516; x_wconf 84' lang='grc'>1).</span> <span class='ocrx_word' id='word_1_298' title='bbox 1923 3450 2006 3501; x_wconf 83' lang='grc'>95.</span> <span class='ocrx_word' id='word_1_299' title='bbox 2053 3451 2196 3501; x_wconf 83' lang='lat' dir='ltr'>Aliae</span> <span class='ocrx_word' id='word_1_300' title='bbox 2232 3463 2418 3517; x_wconf 88' lang='lat' dir='ltr'>earum,</span> 
     </span>
     <span class='ocr_line' id='line_1_36' title="bbox 317 3518 2422 3585; baseline 0 -17"><span class='ocrx_word' id='word_1_301' title='bbox 317 3533 444 3585; x_wconf 87' lang='lat' dir='ltr'>quae</span> <span class='ocrx_word' id='word_1_302' title='bbox 468 3518 652 3569; x_wconf 84' lang='lat' dir='ltr'>Romae</span> <span class='ocrx_word' id='word_1_303' title='bbox 678 3526 991 3585; x_wconf 81' lang='lat' dir='ltr'>spectantur,</span> <span class='ocrx_word' id='word_1_304' title='bbox 1017 3527 1156 3570; x_wconf 87' lang='lat' dir='ltr'>certe</span> <span class='ocrx_word' id='word_1_305' title='bbox 1181 3536 1277 3569; x_wconf 87' lang='lat' dir='ltr'>non</span> <span class='ocrx_word' id='word_1_306' title='bbox 1303 3521 1417 3569; x_wconf 86' lang='lat' dir='ltr'>usui</span> <span class='ocrx_word' id='word_1_307' title='bbox 1440 3518 1828 3570; x_wconf 86' lang='lat' dir='ltr'>architectonico</span> <span class='ocrx_word' id='word_1_308' title='bbox 1852 3519 2145 3570; x_wconf 80' lang='lat' dir='ltr'>inserviisse</span> <span class='ocrx_word' id='word_1_309' title='bbox 2169 3519 2422 3583; x_wconf 88' lang='lat' dir='ltr'>videntur,</span> 
     </span>
     <span class='ocr_line' id='line_1_37' title="bbox 317 3587 2422 3654; baseline 0 -19"><span class='ocrx_word' id='word_1_310' title='bbox 317 3587 462 3636; x_wconf 88' lang='lat' dir='ltr'>velut</span> <span class='ocrx_word' id='word_1_311' title='bbox 496 3588 544 3636; x_wconf 91' lang='lat' dir='ltr'>in</span> <span class='ocrx_word' id='word_1_312' title='bbox 573 3588 733 3637; x_wconf 89' lang='lat' dir='ltr'>bortis</span> <span class='ocrx_word' id='word_1_313' title='bbox 765 3587 1130 3637; x_wconf 84' lang='lat' dir='ltr'>Albanensibus</span> <span class='ocrx_word' id='word_1_314' title='bbox 1164 3594 1400 3654; x_wconf 88' lang='lat' dir='ltr'>quattuor</span> <span class='ocrx_word' id='word_1_315' title='bbox 1431 3587 1780 3653; x_wconf 84' lang='lat' dir='ltr'>Canephoroe,</span> <span class='ocrx_word' id='word_1_316' title='bbox 1823 3602 1946 3653; x_wconf 87' lang='lat' dir='ltr'>quae</span> <span class='ocrx_word' id='word_1_317' title='bbox 1980 3602 2077 3637; x_wconf 89' lang='lat' dir='ltr'>una</span> <span class='ocrx_word' id='word_1_318' title='bbox 2110 3603 2218 3637; x_wconf 90' lang='lat' dir='ltr'>cum</span> <span class='ocrx_word' id='word_1_319' title='bbox 2253 3594 2422 3637; x_wconf 83' lang='lat' dir='ltr'>statua</span> 
     </span>
     <span class='ocr_line' id='line_1_38' title="bbox 316 3652 2421 3722; baseline 0 -20"><span class='ocrx_word' id='word_1_320' title='bbox 316 3653 495 3703; x_wconf 84' lang='lat' dir='ltr'>Bacchi</span> <span class='ocrx_word' id='word_1_321' title='bbox 526 3652 679 3705; x_wconf 90' lang='lat' dir='ltr'>Indici</span> <span class='ocrx_word' id='word_1_322' title='bbox 714 3662 945 3722; x_wconf 81' lang='lat' dir='ltr'>repertae</span> <span class='ocrx_word' id='word_1_323' title='bbox 982 3662 1100 3705; x_wconf 84' lang='lat' dir='ltr'>sunt</span> <span class='ocrx_word' id='word_1_324' title='bbox 1129 3671 1175 3705; x_wconf 90' lang='lat' dir='ltr'>a.</span> <span class='ocrx_word' id='word_1_325' title='bbox 1203 3654 1329 3704; x_wconf 88' lang='grc'><strong>1761</strong></span> <span class='ocrx_word' id='word_1_326' title='bbox 1368 3662 1420 3705; x_wconf 86' lang='lat' dir='ltr'>et</span> <span class='ocrx_word' id='word_1_327' title='bbox 1455 3670 1562 3705; x_wconf 92' lang='lat' dir='ltr'>cum</span> <span class='ocrx_word' id='word_1_328' title='bbox 1599 3656 1692 3704; x_wconf 90' lang='lat' dir='ltr'>boc</span> <span class='ocrx_word' id='word_1_329' title='bbox 1716 3670 1938 3721; x_wconf 86' lang='lat' dir='ltr'>pompam</span> <span class='ocrx_word' id='word_1_330' title='bbox 1974 3670 2166 3705; x_wconf 84' lang='lat' dir='ltr'>sacram</span> <span class='ocrx_word' id='word_1_331' title='bbox 2191 3653 2421 3704; x_wconf 85' lang='lat' dir='ltr'>effecisse</span> 
     </span>
     <span class='ocr_line' id='line_1_39' title="bbox 317 3721 2420 3789; baseline -0 -18"><span class='ocrx_word' id='word_1_332' title='bbox 317 3722 577 3783; x_wconf 84' lang='lat' dir='ltr'>videntur3</span> <span class='ocrx_word' id='word_1_333' title='bbox 603 3738 711 3772; x_wconf 89' lang='lat' dir='ltr'>cum</span> <span class='ocrx_word' id='word_1_334' title='bbox 737 3723 913 3788; x_wconf 87' lang='lat' dir='ltr'>quibus</span> <span class='ocrx_word' id='word_1_335' title='bbox 939 3724 1215 3789; x_wconf 91' lang='lat' dir='ltr'>comparari</span> <span class='ocrx_word' id='word_1_336' title='bbox 1239 3730 1450 3788; x_wconf 86' lang='lat' dir='ltr'>possunt</span> <span class='ocrx_word' id='word_1_337' title='bbox 1473 3723 1599 3772; x_wconf 85' lang='lat' dir='ltr'>duae</span> <span class='ocrx_word' id='word_1_338' title='bbox 1624 3722 1767 3785; x_wconf 90' lang='lat' dir='ltr'>illae,</span> <span class='ocrx_word' id='word_1_339' title='bbox 1803 3738 1924 3787; x_wconf 84' lang='lat' dir='ltr'>quas</span> <span class='ocrx_word' id='word_1_340' title='bbox 1949 3738 2015 3772; x_wconf 86' lang='lat' dir='ltr'>ex</span> <span class='ocrx_word' id='word_1_341' title='bbox 2040 3738 2190 3788; x_wconf 88' lang='lat' dir='ltr'>opere</span> <span class='ocrx_word' id='word_1_342' title='bbox 2216 3721 2420 3784; x_wconf 83' lang='lat' dir='ltr'>figulino</span> 
     </span>
     <span class='ocr_line' id='line_1_40' title="bbox 319 3788 2415 3841; baseline -0 -3"><span class='ocrx_word' id='word_1_343' title='bbox 319 3805 449 3839; x_wconf 89' lang='lat' dir='ltr'>nunc</span> <span class='ocrx_word' id='word_1_344' title='bbox 481 3790 530 3839; x_wconf 91' lang='lat' dir='ltr'>in</span> <span class='ocrx_word' id='word_1_345' title='bbox 558 3789 733 3839; x_wconf 88' lang='lat' dir='ltr'>Museo</span> <span class='ocrx_word' id='word_1_346' title='bbox 763 3791 1043 3841; x_wconf 75' lang='lat' dir='ltr'>Britannico</span> <span class='ocrx_word' id='word_1_347' title='bbox 1078 3798 1342 3841; x_wconf 83' lang='lat' dir='ltr'>asservato</span> <span class='ocrx_word' id='word_1_348' title='bbox 1377 3791 1534 3840; x_wconf 87' lang='lat' dir='ltr'>edidit</span> <span class='ocrx_word' id='word_1_349' title='bbox 1556 3788 2008 3840; x_wconf 87' lang='lat' dir='ltr'>Winckelmannus</span> <span class='ocrx_word' id='word_1_350' title='bbox 2040 3790 2256 3840; x_wconf 88' lang='lat' dir='ltr'>Monum.</span> <span class='ocrx_word' id='word_1_351' title='bbox 2284 3789 2415 3838; x_wconf 89' lang='lat' dir='ltr'>ined.</span> 
     </span>
     <span class='ocr_line' id='line_1_41' title="bbox 318 3857 2422 3924; baseline -0 -19"><span class='ocrx_word' id='word_1_352' title='bbox 318 3872 366 3905; x_wconf 89' lang='lat' dir='ltr'>n.</span> <span class='ocrx_word' id='word_1_353' title='bbox 398 3857 518 3921; x_wconf 88' lang='lat'>182,</span> <span class='ocrx_word' id='word_1_354' title='bbox 557 3858 696 3907; x_wconf 89' lang='lat' dir='ltr'>cuius</span> <span class='ocrx_word' id='word_1_355' title='bbox 733 3859 898 3924; x_wconf 89' lang='lat' dir='ltr'>operis</span> <span class='ocrx_word' id='word_1_356' title='bbox 936 3859 1148 3908; x_wconf 86' lang='lat' dir='ltr'>alterum</span> <span class='ocrx_word' id='word_1_357' title='bbox 1174 3857 1429 3923; x_wconf 88' lang='lat' dir='ltr'>exemplar</span> <span class='ocrx_word' id='word_1_358' title='bbox 1462 3864 1632 3907; x_wconf 86' lang='lat' dir='ltr'>exstat</span> <span class='ocrx_word' id='word_1_359' title='bbox 1663 3858 1712 3907; x_wconf 90' lang='lat' dir='ltr'>in</span> <span class='ocrx_word' id='word_1_360' title='bbox 1747 3859 2160 3924; x_wconf 85' lang='lat' dir='ltr'>exquisitissima,</span> <span class='ocrx_word' id='word_1_361' title='bbox 2196 3857 2422 3922; x_wconf 88' lang='lat' dir='ltr'>omnique</span> 
     </span>
     <span class='ocr_line' id='line_1_42' title="bbox 318 3925 1974 3992; baseline 0.001 -18"><span class='ocrx_word' id='word_1_362' title='bbox 318 3939 504 3988; x_wconf 78' lang='lat' dir='ltr'>genere</span> <span class='ocrx_word' id='word_1_363' title='bbox 529 3925 891 3988; x_wconf 85' lang='lat' dir='ltr'>elegantiarum</span> <span class='ocrx_word' id='word_1_364' title='bbox 914 3926 1336 3976; x_wconf 86' lang='lat' dir='ltr'>abundantissima</span> <span class='ocrx_word' id='word_1_365' title='bbox 1360 3926 1655 3975; x_wconf 86' lang='lat' dir='ltr'>collectione</span> <span class='ocrx_word' id='word_1_366' title='bbox 1680 3925 1974 3992; x_wconf 87' lang='lat' dir='ltr'>Campanae.</span> 
     </span>
    </p>

    <p class='ocr_par' dir='ltr' id='par_1_7' title="bbox 316 3992 2420 4128">
     <span class='ocr_line' id='line_1_43' title="bbox 459 3992 2420 4060; baseline 0.001 -19"><span class='ocrx_word' id='word_1_367' title='bbox 459 3992 539 4056; x_wconf 90' lang='lat'>11)</span> <span class='ocrx_word' id='word_1_368' title='bbox 578 3992 735 4057; x_wconf 81' lang='lat' dir='ltr'>Quam</span> <span class='ocrx_word' id='word_1_369' title='bbox 766 3995 1009 4060; x_wconf 89' lang='lat' dir='ltr'>porticum</span> <span class='ocrx_word' id='word_1_370' title='bbox 1044 4009 1153 4042; x_wconf 90' lang='lat' dir='ltr'>cum</span> <span class='ocrx_word' id='word_1_371' title='bbox 1186 4008 1246 4042; x_wconf 90' lang='lat' dir='ltr'>eo</span> <span class='ocrx_word' id='word_1_372' title='bbox 1269 3993 1526 4056; x_wconf 84' lang='lat' dir='ltr'>aedificio,</span> <span class='ocrx_word' id='word_1_373' title='bbox 1557 3993 1644 4042; x_wconf 90' lang='lat' dir='ltr'>ubi</span> <span class='ocrx_word' id='word_1_374' title='bbox 1668 3993 1965 4059; x_wconf 80' lang='lat' dir='ltr'>Caryatidas</span> <span class='ocrx_word' id='word_1_375' title='bbox 1998 3993 2205 4059; x_wconf 75' lang='lat' dir='ltr'>prImum</span> <span class='ocrx_word' id='word_1_376' title='bbox 2230 3993 2420 4058; x_wconf 82' lang='lat' dir='ltr'>positas</span> 
     </span>
     <span class='ocr_line' id='line_1_44' title="bbox 316 4056 2342 4128; baseline 0.001 -20"><span class='ocrx_word' id='word_1_377' title='bbox 316 4056 475 4110; x_wconf 83' lang='lat' dir='ltr'>fuisse</span> <span class='ocrx_word' id='word_1_378' title='bbox 501 4061 693 4124; x_wconf 89' lang='lat' dir='ltr'>scribit,</span> <span class='ocrx_word' id='word_1_379' title='bbox 718 4069 972 4128; x_wconf 86' lang='lat' dir='ltr'>comparat</span> <span class='ocrx_word' id='word_1_380' title='bbox 994 4063 1100 4127; x_wconf 87' lang='lat' dir='ltr'>ipse</span> <span class='ocrx_word' id='word_1_381' title='bbox 1126 4060 1407 4114; x_wconf 81' lang='lat' dir='ltr'>Vitruvius.</span> <span class='ocrx_word' id='word_1_382' title='bbox 1457 4059 1531 4112; x_wconf 83' lang='lat' dir='ltr'>Cf.</span> <span class='ocrx_word' id='word_1_383' title='bbox 1558 4062 1619 4111; x_wconf 88' lang='lat' dir='ltr'>de</span> <span class='ocrx_word' id='word_1_384' title='bbox 1644 4064 1817 4112; x_wconf 82' lang='lat' dir='ltr'>eadem</span> <span class='ocrx_word' id='word_1_385' title='bbox 1841 4061 2052 4112; x_wconf 84' lang='lat' dir='ltr'>Pausan.</span> <span class='ocrx_word' id='word_1_386' title='bbox 2077 4059 2159 4125; x_wconf 81' lang='grc' dir='ltr'>ΙΙΙ,</span> <span class='ocrx_word' id='word_1_387' title='bbox 2187 4060 2267 4126; x_wconf 88' lang='grc'>11,</span> <span class='ocrx_word' id='word_1_388' title='bbox 2293 4061 2342 4111; x_wconf 88' lang='grc'>3.</span> 
     </span>
    </p>
   </div>
   <div class='ocr_carea' id='block_1_6' title="bbox 2455 2108 2533 2148">
    <p class='ocr_par' dir='ltr' id='par_1_8' title="bbox 2455 2108 2533 2148">
     <span class='ocr_line' id='line_1_45' title="bbox 2455 2108 2533 2148; baseline -0.013 0"><span class='ocrx_word' id='word_1_389' title='bbox 2455 2108 2533 2148; x_wconf 79' lang='grc'>408</span> 
     </span>
    </p>
   </div>
  </div>
 </body>
</html>
