2867 4717
854 409 1230 465 Pausaniae
1281 410 1688 480 disputatio.
2229 415 2328 469 115

380 565 434 638 Ι,
483 564 587 639 19,
632 567 661 626 1
698 582 840 627 sane
879 565 1192 629 delendum
1232 575 1326 629 est
1358 564 1476 629 τὸν
1519 558 1782 653 ῗίροφον,
1812 569 1970 647 quod
2002 587 2068 628 ex
2099 570 2327 649 glosse-

219 657 365 711 mate
395 649 556 711 vocis
586 643 824 734 στέγην
854 658 1050 713 ortum
1074 652 1318 714 videtur.

376 735 420 811 Ι,
458 734 553 807 19,
589 737 626 795 7
657 735 884 798 nullum
910 755 1151 798 sensum
1182 736 1358 798 habet
1386 738 1543 816 quod
1574 745 1876 817 receptum
1906 745 2024 810 est,
2071 728 2328 800 ἄνωθεν

221 808 377 900 ὄρος.
439 819 578 880 Sine
608 820 786 881 dubio
820 821 1191 883 scribendum
1226 811 1432 903 ὅρους.

371 903 430 976 1,
473 906 584 981 20,
630 906 659 965 1
718 905 974 967 Clavierii
1016 906 1347 968 emendatio
1382 897 1551 967 εἰσὶν
1597 896 1673 966 οὗ
1705 905 1845 966 satis
1878 907 2330 968 commendatur

217 988 643 1068 comparatione
671 990 885 1051 horum
915 991 1213 1052 locorum:
1246 992 1317 1063 11,
1356 993 1409 1062 1,
1444 992 1481 1050 7
1512 986 1609 1074 τῷ
1649 986 1787 1072 ναῷ
1832 983 1908 1051 δὲ
1952 980 2092 1052 ὄντι
2135 985 2325 1072 μεγέ-

214 1071 325 1134 θει
367 1065 446 1135 οὗ
487 1066 744 1152 μείζονι
789 1068 1197 1159 ἐφεστήκασι
1250 1066 1570 1158 Τρίτωνες
1596 1072 1844 1152 χαλκοῖ,
1876 1075 1974 1147 111,
2010 1076 2109 1148 24,
2141 1079 2180 1137 4
2209 1071 2325 1137 καὶ

214 1148 323 1217 ἐπ’
368 1150 535 1242 αὐτῇ
575 1155 813 1235 χαλκοῖ
854 1152 1192 1222 ποδιαίων
1234 1151 1586 1243 ἑστήκασιν
1631 1150 1708 1221 οὔ
1750 1150 2044 1238 μείζονες
2087 1153 2328 1235 πίλους

214 1233 321 1302 ἐπὶ
349 1243 503 1316 ταῖς
528 1240 850 1327 κεφαλαῖς
877 1236 1147 1326 ἔχοντες.
1193 1244 1492 1325 Vulgatam
1524 1244 1826 1323 ingeniose
1855 1245 2091 1322 quidem
2117 1246 2324 1307 defen-

213 1325 288 1386 dit
313 1327 831 1405 Westermannus3
872 1330 973 1391 sed
1020 1330 1182 1391 aliter
1211 1337 1353 1408 puto
1384 1330 1666 1408 loquutus
1700 1336 1855 1389 esset
1883 1329 2231 1401 PausaniaS,
2274 1330 2326 1391 si

211 1409 340 1473 illud
375 1413 536 1491 quod
567 1421 1000 1476 commentatur
1029 1415 1512 1476 Westermannus
1545 1414 1734 1474 dicere
1763 1412 2062 1475 voluisset.
2106 1413 2326 1475 Deinde

214 1504 344 1574 post
376 1489 767 1578 εἰργασμένα
797 1501 976 1560 multa
1006 1500 1290 1561 excidisse
1320 1506 1585 1577 apertum
1618 1506 1725 1559 est.

366 1580 414 1660 1,
445 1582 545 1654 32,
587 1584 612 1642 1
648 1574 980 1658 Ἀλαζῶσι
1027 1580 1147 1664 γαρ
1194 1577 1512 1666 συνήθεις
1555 1573 1724 1662 ὁμοῦ
1761 1582 1902 1656 τοῖς
1933 1574 2323 1665 ἀνθρώποις
2358 1608 2384 1646 c

209 1657 271 1738 ἐς
310 1661 522 1745 νομὰς
566 1658 777 1728 ἰοῦσιν
819 1664 954 1728 κτλ.
1044 1670 1315 1730 Editores
1363 1676 1564 1730 contra
1612 1686 1819 1729 omnes
1867 1667 2100 1728 codices
2148 1671 2320 1744 (nam

207 1751 355 1851 quod
399 1751 459 1811 in
501 1752 801 1813 nonnullis
844 1760 935 1813 est
974 1743 1190 1826 δίνοῖς,
1232 1754 1291 1814 id
1336 1752 1533 1832 ipsum
1575 1760 1666 1813 est
1708 1752 2123 1831 compendium
2165 1752 2323 1812 vocis

209 1829 623 1916 ανθρώποις)
670 1827 841 1915 ὁμοῦ
883 1836 1023 1911 τοῖς
1069 1829 1310 1912 ἄλλοις.
1379 1838 1519 1897 Mihi
1563 1838 1784 1914 vulgata
1822 1837 1990 1897 lectio
2022 1836 2322 1898 retinenda

207 1926 259 1979 et
292 1921 380 1981 sic
420 1920 755 1999 explicanda
797 1922 1051 1983 videtur:
1098 1923 1253 2000 Apes
1294 1940 1426 1982 cum
1462 1921 1691 1999 Scythis
1722 1920 2082 1981 Nomadibus
2114 1921 2192 1981 ita
2223 1940 2325 1982 va-

204 2012 437 2081 gantur,
486 2013 550 2065 ut
596 2024 709 2066 una
755 2025 887 2067 cum
934 2006 1276 2068 hominibus
1320 2025 1496 2084 agros
1543 2024 1901 2085 camposque
1942 2012 2322 2078 commutent,

206 2090 417 2169 quippe
447 2089 621 2150 certis
651 2091 972 2152 alvearibus
1004 2109 1125 2152 non
1155 2090 1430 2151 inclusae.

367 2174 412 2246 Ι,
446 2174 545 2247 42,
574 2176 601 2233 1
639 2194 750 2253 pro
785 2168 852 2248 ἐς
882 2167 1083 2259 αὐτὴν
1112 2170 1234 2259 γάρ
1266 2174 1640 2237 scribendum
1676 2181 1819 2252 puto
1853 2167 1921 2247 ἐς
1950 2164 2148 2258 αὐτήν
2171 2163 2318 2259 ἷίρα.

203 2256 356 2318 Idem
391 2258 533 2319 vidit
563 2259 922 2321 Siebelisius.

365 2343 439 2413 ΙΙ,
478 2345 533 2416 1,
565 2347 601 2403 4
635 2337 703 2404 ἐν
738 2336 1123 2427 Ἐπιδαύρῳ
1167 2341 1251 2428 τῇ
1295 2336 1441 2428 ἱερᾷ
1500 2343 1769 2403 Editores
1802 2343 1976 2404 scrib.
2011 2343 2319 2422 suspican-

203 2434 289 2487 tur
317 2424 406 2511 τῇ
437 2420 724 2525 Ἀργεία.
785 2429 922 2490 Mihi
954 2437 1053 2490 aut
1082 2429 1376 2507 vulgatum
1400 2426 1770 2489 retinendum
1794 2434 1895 2487 aut
1917 2421 1984 2488 ἐν
2003 2419 2319 2489 Ἐπιδαυ-

201 2504 355 2591 ρίων
398 2508 497 2594 τῷ
540 2505 694 2595 ἱερῳ
742 2513 1114 2575 scribendum
1145 2514 1388 2585 videtur,
1419 2532 1469 2572 v,
1501 2512 1572 2583 11,
1603 2511 1701 2585 27,
1734 2512 1790 2571 5.

366 2596 437 2668 11,
473 2598 579 2669 11,
612 2598 651 2658 6
694 2595 1124 2679 περιοικοῦσι
1169 2592 1285 2659 καὶ
1327 2593 1407 2658 τὸ
1451 2591 1623 2657 πολὺ
1671 2586 1925 2657 οἰκέται
1970 2592 2090 2657 τοῦ
2131 2593 2316 2657 θεοῦ.

201 2678 260 2740 In
291 2681 602 2742 codicibus
632 2682 818 2743 ferme
850 2702 1083 2762 semper
1113 2682 1558 2743 confunduntur
1588 2673 1843 2741 οἰκέται
1888 2688 1945 2739 et
1990 2671 2054 2741 οἶ
2087 2671 2318 2754 ἱκέται,

204 2783 247 2824 v.
270 2784 404 2845 cap.
433 2767 530 2839 13,
553 2774 676 2827 not.
707 2768 814 2840 173
847 2768 948 2841 27,
974 2769 1043 2841 23
1076 2770 1142 2840 43
1172 2767 1267 2838 111,
1295 2769 1350 2838 4,
1384 2767 1443 2838 5,
1469 2772 1591 2825 not.
1626 2765 1725 2824 20.
1785 2763 1871 2823 Ad
1906 2782 2148 2823 sensum
2180 2782 2318 2824 vero

201 2848 370 2951 lo‘nge
395 2852 840 2953 convenientius
881 2854 1039 2932 quod
1082 2851 1458 2912 scribendum
1503 2847 1853 2909 existimavit
1888 2847 2317 2920 ValckenariuS,

201 2952 259 2994 οι
302 2954 540 2997 ικεται.

364 3019 448 3092 11,
501 3019 610 3093 34,
668 3022 740 3081 11
790 3015 1142 3105 Δήμητρος
1187 3014 1262 3081 δὲ
1309 3009 1454 3098 ἱεροὶ
1498 3008 1866 3100 πεποίηται
1916 3010 2315 3099 Θερμασίας,

202 3098 272 3164 τὸ
314 3098 438 3184 μὲν
481 3098 603 3166 ἐπὶ
644 3104 784 3179 τοῖς
829 3101 998 3186 πρὸς
1033 3101 1150 3209 τήν
1188 3098 1393 3181 Τροιζ
1432 3094 1578 3163 νίαν
1609 3096 1811 3184 ὅροις,
1845 3092 1935 3173 ὦς
1963 3094 2064 3163 ἔτι
2094 3093 2319 3180 ἔμενον

201 3178 258 3247 οἳ
304 3183 530 3271 δῆμοι,
563 3185 639 3251 τὸ
673 3184 747 3250 δὲ
775 3184 892 3251 καὶ
921 3184 990 3251 ἐν
1020 3186 1186 3273 αυτῇ
1215 3186 1295 3272 τῇ
1328 3208 1381 3246 π
1425 3184 1544 3248 λει.
1603 3188 1815 3247 Mirum
1846 3186 2143 3245 neminem
2176 3186 2317 3245 dum

201 3273 464 3333 omnium
498 3274 789 3335 editorum
824 3275 882 3334 in
916 3275 1025 3334 illis
1065 3265 1156 3348 ὠς
1199 3265 1299 3334 ἔτι
1348 3264 1576 3351 ἓζιιενον
1621 3262 1685 3332 οἳ
1734 3267 1937 3353 δῆμοι
1983 3270 2316 3345 offendisse,

198 3374 340 3433 quae
384 3358 522 3437 quid
565 3359 675 3420 sibi
712 3359 892 3420 velint
931 3358 1199 3437 equidem
1244 3375 1367 3418 non
1406 3356 1593 3416 video.
1651 3355 1717 3414 In
1762 3354 2058 3415 codicibus
2101 3362 2191 3415 est
2219 3345 2319 3415 ἔτι

197 3432 376 3520 εἶμεν
419 3433 750 3526 α’νήδημοι
792 3445 879 3503 vel
926 3435 1028 3505 ἔτι
1074 3431 1252 3522 εἶμεν
1284 3432 1364 3503 ι’ίν
1392 3431 1539 3523 εἷ’δη
1570 3459 1709 3518 μοι,
1742 3439 2022 3500 similiter.
2084 3439 2317 3500 Scribas

195 3516 282 3599 ὦς
325 3518 662 3610 εἰρημένον
703 3518 829 3612 ἤδη
873 3548 1019 3607 μοι,
1066 3547 1202 3588 nam
1235 3528 1456 3587 dixerat
1482 3526 1541 3585 in
1575 3524 1976 3602 superioribus
2006 3525 2077 3584 de
2108 3526 2314 3585 eodem

196 3609 420 3671 Cereris
453 3612 829 3673 Thermasiae
857 3613 1014 3684 fano,
1045 3632 1096 3673 v.
1129 3612 1197 3684 11,
1227 3612 1326 3684 34,
1362 3611 1398 3671 6
1429 3605 1515 3670 τὰ
1562 3604 1636 3670 δὲ
1665 3628 1720 3668 π
1763 3605 1835 3683 ὂς
1864 3602 2218 3670 θάλασσαν
2247 3602 2316 3668 ἐν

196 3685 383 3772 ὅροις
445 3699 568 3779 τῆς
611 3690 1031 3776 Ἑρμιονίδος
1085 3689 1258 3779 ἱερὸν
1312 3687 1672 3777 Δήμητρός
1722 3630 1906 3780 ἔστιν
1965 3685 2316 3775 ἐπίκλησιν

199 3773 595 3857 Θερμασίας.
658 3783 864 3843 Possis
913 3791 971 3842 et
1016 3783 1086 3842 de
1131 3776 1539 3861 λελεγμένον,
1587 3773 1985 3862 δηλούμενον
2025 3768 2151 3859 ἤδη
2196 3794 2316 3853 μοι

192 3865 476 3942 cogitare,
520 3867 621 3926 sed
665 3868 734 3926 ad
777 3867 1045 3928 codicum
1086 3866 1367 3926 lectiones
1405 3863 1675 3943 proxime
1706 3862 1924 3924 accedit
1963 3853 2312 3943 εἰρημένον,

193 3950 353 4026 quod
384 3950 561 4011 simili
593 3970 860 4012 connexu
889 3952 1096 4029 legitur
1122 3950 1215 4023 IV,
1250 3952 1286 4009 5
1319 3949 1440 4010 init.

360 4032 430 4106 11,
466 4034 564 4108 36,
600 4038 627 4095 1
665 4030 780 4097 καὶ
811 4027 1076 4109 Ἀλικός
1104 4029 1313 4115 λόγος.
1375 4032 1768 4094 Scribendum
1798 4037 1942 4109 puto
1971 4020 2313 4090 Ἀλικίνων
2352 4051 2377 4090 ⁷

1844 4126 1911 4178 8*
