2867 4717
437 437 543 493 124
1054 438 1059 443 '
1247 439 1342 493 De
1390 439 1502 492 via
1542 452 1738 494 sacra

431 596 719 677 pontibus
750 594 1172 675 aggeribusque
1201 595 1499 658 struendis
1529 595 1836 657 assuefacti
1864 601 2063 656 essent
2080 595 2140 675 ⁵)
2164 595 2550 675 Cephissum-

434 699 548 761 que
580 680 824 742 fluvium
865 681 1151 741 similibus
1198 680 1474 759 operibus
1514 681 1906 742 coercendum
1945 681 2352 761 suscepissent
2379 682 2554 762 idque

433 785 504 827 ex
555 765 977 827 consuetudine
1027 765 1361 844 priscorum
1401 773 1741 845 temporum
1783 783 1907 827 non
1950 765 2079 827 sine
2123 767 2550 846 superstitiosis

431 850 779 931 quibusdam
822 849 1326 913 observationibus
1368 858 1777 929 procurarent,
1827 850 2081 913 obtinuit
2120 858 2184 912 ut
2226 851 2355 931 ipse
2395 871 2549 932 pons

374 998 375 1001 ,
430 944 603 1015 atque
630 936 896 997 adiacens
924 935 1085 1013 regio
1116 954 1284 997 sacer
1304 936 1561 1015 quodam
1586 936 1766 997 modo
1792 943 1963 1015 atque
1985 936 2237 1016 antiquis
2262 937 2550 998 caerimo-

431 1021 545 1082 niis
582 1020 893 1099 religiosus
932 1021 1122 1094 fieret3
1162 1040 1214 1081 ν.
1245 1021 1463 1082 Herod.
1496 1022 1561 1093 V,
1606 1021 1685 1081 57
1717 1027 1775 1082 et
1803 1039 1949 1100 quae
1978 1040 2048 1081 eo
2079 1022 2153 1082 de
2180 1022 2311 1083 loco
2342 1022 2548 1101 dispu-

427 1106 542 1167 tavi
579 1106 801 1167 Demet.
840 1111 898 1166 et
933 1105 1215 1184 Perseph.
1258 1126 1317 1185 p.
1361 1106 1485 1167 392
1526 1124 1683 1185 sqq.,
1720 1105 1821 1167 ubi
1860 1105 2032 1167 verba
2073 1097 2431 1190 Ἀθηναῖοι
2476 1100 2552 1170 δέ

433 1208 644 1274 σφεας
694 1184 815 1252 ἐπὶ
867 1189 1123 1274 ῥητοῖσι
1175 1184 1507 1266 ἐδέξαντο
1534 1184 1757 1275 σφέων
1809 1182 2024 1252 αὐτῶν
2078 1178 2248 1251 εἶναι
2305 1185 2549 1274 πολιή-

428 1295 567 1352 τας,
610 1269 876 1336 πολλῶν
916 1268 1083 1336 τέων
1122 1271 1238 1337 καὶ
1289 1267 1408 1337 οὐκ
1452 1268 1927 1358 ἀξιαπηγήτων
1968 1269 2397 1351 ἐπιτάξαντες
2440 1267 2550 1358 ἔρ-

430 1360 678 1440 γεσθαι
722 1376 844 1419 non
887 1366 1044 1421 recte
1092 1360 1370 1439 explicata
1417 1379 1548 1421 esse
1585 1361 1821 1421 monuit
1854 1360 2105 1422 Klausen
2147 1359 2220 1421 de
2259 1360 2453 1421 Aenea
2493 1369 2551 1420 et

341 1444 747 1512 13‘Penatibus
787 1464 845 1523 p.
877 1443 1000 1505 948
1043 1451 1166 1505 not.
1214 1445 1394 1506 1904.
1471 1445 1710 1506 Rectius
1753 1445 1891 1506 inde
1934 1445 2203 1523 colligere
2247 1444 2546 1517 debebam,

429 1547 554 1591 non
585 1530 781 1590 omnia
815 1528 1058 1590 civitatis
1088 1530 1212 1591 iura
1244 1529 1315 1591 ab
1346 1529 1800 1591 Atheniensibus
1831 1549 1964 1591 cum
1996 1530 2350 1609 Gephyraeis
2382 1548 2548 1590 com-

430 1614 723 1676 municata
754 1632 912 1689 esse3
950 1631 1086 1675 nam
1120 1615 1277 1694 quod
1308 1614 1435 1693 ipse
1465 1615 1815 1676 Klausenius
1848 1614 2137 1675 coniectat
2165 1613 2237 1674 de
2270 1613 2550 1675 castimo-

428 1699 543 1761 niis
585 1698 934 1778 quibusdam
975 1699 1457 1771 sacerdotalibuS,
1498 1700 1557 1760 id
1587 1718 1618 1760 a
1649 1698 1781 1760 loco
1814 1699 2097 1760 Herodoti
2126 1716 2376 1778 prorsus
2408 1698 2548 1759 alie-

428 1801 573 1846 num
605 1803 740 1845 esse
768 1783 979 1844 iudico.
1037 1784 1122 1845 De
1153 1784 1335 1845 sacris
1367 1791 1561 1845 autem
1593 1784 2069 1863 Gephyraeorum
2095 1802 2242 1862 quae
2265 1782 2336 1844 ab
2359 1784 2547 1844 Hero-

431 1869 573 1930 doto
631 1876 969 1940 narrantur,
1027 1887 1092 1929 ea
1152 1868 1363 1946 partim
1423 1870 1540 1930 hoc
1597 1869 1786 1948 Etym.
1838 1870 1913 1929 M.
1965 1868 2097 1928 loco
2157 1868 2544 1929 illustrantur:

430 1953 493 2012 Γ
488 1952 770 2037 εφυρεῖς,
829 1948 1038 2034 δῆμος
1088 1944 1417 2028 Ἀττικός,
1476 1945 1640 2014 ὅθεν
1681 1948 1794 2014 καὶ
1841 1953 1903 2013 Γ
1899 1945 2185 2037 εφυραία
2228 1946 2548 2035 Δημήτηρ

430 2029 709 2120 εἴρηται,
743 2028 885 2098 ἀπὸ
916 2033 1034 2098 τοῦ
1062 2028 1233 2114 ἔχειν
1275 2031 1582 2122 γέφυραν,
1616 2028 1713 2098 δι’
1755 2025 1834 2121 ἧς
1878 2032 1999 2099 ἐπὶ
2021 2029 2356 2099 Ἐλευσῖνα
2386 2057 2546 2097 κατ-

432 2114 613 2183 ίασιν
668 2113 735 2183 οἱ
777 2114 1053 2199 μύσται,
1108 2122 1298 2201 iisque
1335 2141 1485 2201 quae
1524 2122 1594 2184 ab
1634 2121 1760 2183 aliis
1801 2121 2190 2201 scriptoribus
2233 2122 2304 2182 de
2343 2121 2548 2185 Cerere

427 2207 648 2268 Achaea
685 2206 1017 2278 traduntur,
1049 2206 1264 2284 partim
1305 2207 1403 2281 iis,
1441 2225 1588 2285 quae
1631 2207 1701 2267 de
1728 2214 1956 2268 vetusto
1989 2207 2143 2268 cultu
2175 2202 2462 2268 Minervae
2491 2214 2552 2268 et

430 2291 502 2351 de
543 2290 796 2352 Palladio
835 2290 895 2351 in
934 2292 1094 2351 hunc
1139 2292 1336 2369 ipsum
1379 2299 1622 2370 pontem
1664 2290 1906 2353 coelitus
1954 2292 2191 2370 delapso
2237 2291 2547 2370 gentilique

430 2375 758 2436 sacerdotio
790 2375 1265 2454 Gephyraeorum
1292 2382 1568 2437 constant
1588 2395 1658 2436 ex
1679 2376 2001 2456 Phylarcho
2028 2386 2084 2437 et
2105 2376 2357 2454 antiquis
2381 2391 2548 2435 com-

427 2460 854 2521 mentatoribus
893 2460 1115 2538 Virgilii
1151 2468 1209 2522 et
1244 2461 1327 2522 10.
1368 2461 1559 2541 Lydo,
1601 2461 1702 2539 qui
1739 2461 1978 2522 notitias
2021 2479 2159 2522 suas
2190 2480 2258 2521 ex
2288 2462 2548 2522 Varrone

427 2544 699 2606 hausisse
726 2543 1027 2619 videntur3
1069 2564 1119 2605 v,
1154 2563 1300 2623 quae
1331 2546 1403 2606 de
1433 2546 1528 2606 his
1560 2545 1703 2606 locis
1734 2552 1875 2625 post
1899 2564 1995 2605 me
2026 2546 2315 2624 disputata
2347 2551 2487 2606 sunt
2514 2564 2547 2605 a

430 2629 874 2690 Schneidewino
906 2629 1162 2690 Coniect.
1194 2630 1320 2691 crit.
1351 2649 1408 2708 p.
1447 2630 1567 2691 164
1598 2649 1730 2709 sqq.
1797 2630 2110 2691 Enimvero
2141 2630 2359 2690 mirum
2388 2629 2546 2708 quod

427 2713 749 2776 Pausanias
779 2719 929 2775 tacet
961 2714 1031 2774 de
1060 2714 1153 2774 his
1184 2713 1618 2776 traditionibus,
1679 2714 1903 2777 Dixeris
1929 2714 2410 2793 Gephyraeorum
2432 2732 2545 2774 no-

427 2817 567 2860 men
608 2807 780 2877 atque
820 2816 983 2860 sacra
1021 2798 1400 2876 gliscentibus
1448 2799 1692 2861 saeculis
1724 2799 2045 2862 evanuisse.
2102 2799 2275 2872 Quod
2306 2806 2371 2860 ut
2400 2817 2546 2859 con-

428 2883 627 2944 cedam
671 2885 741 2944 de
780 2883 953 2943 demo
995 2884 1319 2945 secundum
1366 2884 1742 2964 Gephyraeos
1782 2884 2068 2964 appellato
2104 2884 2229 2944 fieri
2260 2883 2543 2962 potuisse,

429 2967 500 3027 de
531 2968 712 3028 sacris
741 2977 941 3028 tamen
970 2986 1002 3026 a
1034 2967 1304 3038 sollicita,
1351 2987 1467 3047 qua
1499 2968 1701 3030 Graeci
1730 2987 2033 3030 sacrorum
2063 2975 2381 3029 vestutates
2403 2985 2545 3046 pro—

428 3051 596 3130 sequi
626 3051 914 3123 solebant,
956 3051 1234 3129 religione
1262 3052 1405 3112 adeo
1438 3052 1731 3124 abhorret,
1778 3061 1844 3115 ut
1872 3072 1966 3114 res
1998 3053 2159 3114 aliter
2189 3052 2545 3131 expedienda

410 3137 702 3197 videatur.
760 3136 835 3197 Et
861 3135 1007 3197 mihi
1036 3136 1273 3215 quidem
1302 3137 1616 3198 verisimile
1644 3137 1781 3199 illud
1812 3140 2010 3218 ipsum
2040 3137 2354 3216 templum,
2384 3135 2544 3214 quod

425 3219 744 3283 Pausanias
784 3228 1075 3282 memorat
1111 3239 1299 3301 prope
1327 3222 1532 3284 Ficum
1565 3222 1805 3284 Sacram
1834 3222 2155 3295 exstitisse,
2197 3214 2545 3304 Δήμητρος

563 3409 612 3471 5)
648 3408 761 3474 Ipsa
785 3409 1019 3473 Tanagra
1044 3412 1160 3462 olim
1176 3412 1400 3482 Hcpvpa
1418 3414 1768 3479 appellabatur
1786 3413 1991 3479 eiusque
2012 3412 2205 3463 incolae
2224 3413 2545 3480 Γεφυραῖοι,

429 3468 516 3525 ὅτι
539 3474 601 3528 ἓν
626 3474 828 3544 σχεδίᾳ
852 3474 1010 3547 κώμη
1035 3482 1419 3537 κατοικοῦντες
1442 3482 1534 3531 καὶ
1557 3480 1619 3534 ἐν
1641 3482 1707 3551 τῇ
1733 3482 1913 3550 πέραν
1939 3481 2010 3551 γῇ
2034 3480 2135 3530 τοῦ
2163 3475 2422 3530 Ἀσωποῦ
2448 3475 2544 3529 διὰ

426 3544 525 3594 τοῦ
534 3545 820 3612 χειμῶνος
837 3544 898 3598 ἐν
914 3533 1034 3602 ταῗς
1051 3542 1195 3616 πρὸς
1212 3543 1477 3613 ἀλλήλους
1493 3546 1802 3617 ἐπιμιξίαις
1817 3544 2089 3617 γεφύραις
2104 3545 2365 3616 ἐχρῶντο,
2378 3547 2528 3613 Etym

425 3610 495 3662 Μ.
520 3628 567 3677 p.
593 3612 710 3673 228,
737 3613 818 3662 57.
869 3614 1112 3664 Similiter
1135 3617 1268 3666 dicta
1293 3624 1409 3666 sunt
1433 3616 1672 3666 Plataeae
1702 3623 1756 3666 et
1779 3616 1944 3682 Copae
1969 3623 2023 3666 et
2040 3615 2250 3665 Iresium
2272 3615 2462 3680 oppida,
2494 3615 2545 3663 in

425 3679 551 3730 locis
568 3680 877 3745 palustribus
897 3682 1132 3732 Boeotiae
1153 3684 1275 3733 baec
1292 3699 1487 3749 quoque
1507 3684 1620 3745 sita,
1641 3700 1689 3734 v.
1713 3684 1879 3748 Etym.
1895 3683 1960 3733 Μ.
1973 3699 2019 3748 p.
2034 3683 2151 3746 303,
2177 3683 2234 3732 11
2258 3683 2545 3752 Εῖρέσιον,

426 3741 591 3804 πόλις
612 3747 908 3811 Βοιωτῶν,
945 3743 1031 3799 ὅτι
1064 3752 1456 3819 κατακλυσμοῦ
1482 3766 1621 3801 ποτε
1651 3751 1961 3818 γενομένου
1986 3752 2183 3816 συνέβη
2208 3751 2340 3817 περὶ
2364 3754 2546 3800 Βοιω-

425 3817 549 3866 τίαν
572 3813 786 3872 πολλάς
810 3816 1011 3883 λίμνας
1042 3812 1420 3887 ἀναφανῆναι·
1457 3818 1514 3868 οἱ
1537 3810 1639 3870 οὖν
1662 3814 1926 3886 ἐγχώριοι
1950 3815 2192 3874 πλάταις
2213 3818 2307 3868 καὶ
2330 3813 2547 3872 κώπαις

426 3883 517 3931 καὶ
558 3883 772 3952 εἰρεσίᾳ
813 3900 979 3953 κεχρη
1027 3886 1144 3936 ένοι
1177 3883 1276 3942 τὰς
1316 3881 1463 3954 πρὸς
1504 3880 1767 3951 ἀλλήλους
1799 3884 2084 3953 ἐπιμιξίας
2115 3884 2414 3937 ἐποιοῦντο
2429 3898 2440 3909 ·
2484 3882 2545 3934 ἐκ

424 3945 630 4000 τούτου
647 3941 749 4003 οὖν
765 3950 867 4008 τὰς
889 3949 967 4002 πό
1005 3968 1082 4008 εις
1106 3949 1423 4022 ὠνόμασαν,
1451 3948 1568 4004 ἀπὸ
1595 3951 1703 4022 μὲν
1725 3954 1838 4005 τῶν
1856 3954 2083 4006 πλατῶν
2101 3948 2402 4012 Πλαταιάς,
2421 3945 2542 4001 ἀπὸ

428 4013 491 4067 δὲ
526 4017 877 4077 τῶνφεωπῶν
906 4017 1139 4083 Κωπιὶς,
1172 4015 1290 4072 ἀπὸ
1327 4019 1390 4072 δὲ
1424 4022 1522 4087 τῆς
1554 4022 1798 4090 εἰρεσίας
1830 4021 2124 4091 Εἰρέσιονε
2168 4021 2297 4086 quod
2323 4019 2543 4069 Romano

426 4084 671 4135 vocabulo
705 4088 868 4152 possis
895 4088 1223 4155 interpretari
1245 4089 1538 4142 Velabrum.
