2867 4717
923 497 927 501 ,
1041 432 1269 485 Lesbio
1304 434 1631 485 historico.
2325 434 2391 485 29

268 597 607 662 Hellanicus
637 598 828 661 facere
859 599 1242 674 consueverit,
1282 617 1474 680 neque
1512 597 1797 663 Herodoti
1838 600 2105 681 exemplo
2137 599 2388 662 Graeco·
2418 622 2446 662 e

271 703 409 747 rum
439 691 612 765 atque
642 691 972 747 exterarum
1003 686 1266 764 gentium
1297 704 1391 747 res
1423 693 1482 747 et
1506 685 1655 748 facta
1685 687 1755 748 ad
1788 703 1971 749 unum
1996 684 2197 748 orbem
2221 691 2392 765 atque

271 769 558 832 ambitum
593 770 968 845 concinnare3
1000 770 1153 831 unde
1181 770 1521 849 intelligitur
1551 771 1781 833 solitam
1804 771 2080 833 Hellanici
2109 771 2394 832 rationem

268 854 458 918 fuisse
488 874 616 917 eam
648 874 823 935 quam
854 855 1068 916 dixeris
1099 855 1645 936 chorographicam,
1684 855 1782 918 ubi
1813 857 2008 918 omnis
2039 855 2392 918 narrationis

269 940 473 1003 unitas
501 941 563 1001 in
595 940 851 1020 regionis
884 940 1124 1003 alicuius
1154 940 1240 1002 vel
1272 940 1515 1002 civitatis
1548 941 1792 1004 circuitu
1820 941 2012 1022 posita
2052 948 2157 1015 est,
2196 959 2393 1004 rerum

269 1044 413 1087 vero
447 1025 736 1106 quaelibet
764 1025 1067 1087 diversitas
1100 1026 1422 1088 admittitur
1452 1026 1826 1107 eiusdemque
1854 1026 1967 1087 loci
1994 1025 2245 1098 fabulae,
2287 1044 2393 1087 an-

269 1110 590 1190 tiquitateS,
624 1118 1004 1173 monumenta
1034 1116 1092 1171 et
1121 1111 1363 1173 historia
1393 1112 1565 1173 etiam
1600 1130 1744 1192 quae
1782 1111 2148 1192 peculiariter
2187 1110 2394 1173 dicitur

268 1198 434 1258 velut
461 1215 568 1276 per
598 1203 853 1259 saturam
887 1196 1276 1276 explicantur,
1308 1216 1456 1276 quae
1485 1198 1631 1258 ratio
1663 1197 1832 1260 sicuti
1864 1203 1996 1258 ante
2026 1196 2392 1258 Herodotum

271 1280 705 1357 dominabatur,
737 1282 816 1343 ita
847 1282 1001 1361 apud
1030 1281 1333 1344 inferiores
1373 1301 1487 1343 usu
1525 1282 1926 1363 receptissima
1969 1288 2108 1354 erat,
2150 1289 2207 1342 et
2235 1299 2395 1343 nunc

270 1366 449 1428 etiam
481 1367 730 1428 multum
761 1366 1064 1428 adhibetur
1093 1367 1163 1428 ab
1193 1366 1263 1427 iis
1297 1367 1396 1446 qui
1437 1386 1672 1429 omnem
1707 1368 1947 1430 alicuius
1986 1366 2100 1428 loci
2140 1366 2391 1446 antiqui-

269 1459 456 1513 tatem
478 1469 596 1513 una
620 1453 1111 1513 commentatione
1137 1452 1636 1532 comprehendere
1660 1453 1879 1515 volunt.
1932 1450 2231 1531 Cogitabat
2250 1452 2391 1513 Dio-

270 1537 479 1616 nysius
509 1537 570 1597 in
592 1536 702 1598 illis
732 1537 885 1598 haud
918 1535 1090 1597 dubie
1129 1538 1379 1599 maxime
1420 1538 1491 1598 de
1519 1538 1751 1600 Atthide
1790 1535 2097 1610 Hellanici;
2137 1544 2392 1599 ceterum

271 1622 528 1684 aliorum
571 1621 927 1702 scriptorum
969 1622 1296 1701 fragmenta
1325 1630 1494 1697 sunt,
1537 1641 1683 1703 quae
1727 1640 1850 1685 non
1880 1640 2116 1702 semper
2145 1640 2261 1684 una
2301 1621 2393 1684 illa

267 1706 403 1786 lege
454 1726 586 1769 sese
636 1707 945 1769 inclusisse
983 1706 1267 1769 Nostrum
1313 1714 1511 1788 aperte
1549 1707 1825 1781 doceant,
1880 1708 1981 1769 sed
2029 1706 2396 1786 genealogica

270 1792 452 1853 etiam
483 1799 657 1871 atque
686 1792 1100 1872 chronologica
1128 1792 1321 1854 forma
1349 1811 1779 1873 nonnunquam
1802 1811 1974 1855 usum
2001 1809 2151 1854 esse.
2206 1792 2304 1853 Sic
2330 1791 2394 1853 in

269 1877 678 1952 Deucalionea,
708 1877 1063 1951 Phoronide,
1093 1877 1418 1940 Atlantiade
1447 1878 1592 1939 nihil
1624 1879 1776 1940 aliud
1812 1878 1948 1940 fecit
1987 1876 2102 1937 nisi
2131 1876 2393 1938 Deucali-

271 1962 509 2037 darnm,
538 1962 1040 2037 Phoronidarum,
1079 1963 1437 2024 Atlantidum
1478 1964 1692 2043 stirpes
1734 1970 1904 2043 atque
1945 1979 2154 2041 genera
2183 1981 2393 2042 prose-

273 2054 450 2109 cutus
481 2055 599 2122 est,
631 2047 787 2128 quod
818 2048 1077 2110 indicant
1103 2048 1266 2128 ipsae
1295 2047 1728 2128 inscriptioneS‚
1760 2049 1829 2110 ad
1853 2049 2153 2128 epicorum
2180 2047 2391 2109 carmi-

270 2151 423 2194 num
453 2132 889 2195 similitudinem
921 2133 1167 2213 positae,
1206 2151 1329 2195 non
1377 2134 1448 2195 ad
1481 2132 1929 2200 Homericorum
1962 2140 2130 2213 puta,
2178 2133 2281 2193 sed
2319 2133 2391 2195 ad

269 2216 625 2279 inferiorum
655 2218 917 2291 illorum,
961 2237 1107 2297 quae
1140 2218 1394 2279 Hesiodo
1426 2218 1875 2293 tribuebantur,
1903 2219 2072 2291 Asio,
2117 2217 2390 2292 Eumelo;

270 2302 385 2364 etsi
417 2303 598 2365 multa
628 2304 783 2382 apud
807 2301 1168 2374 Hellanicum
1197 2306 1418 2383 passim
1443 2304 1789 2384 interposita
1813 2311 1996 2377 erant,
2028 2322 2176 2382 quae
2198 2304 2393 2365 histo-

269 2388 462 2449 ricum
503 2388 687 2467 magis
732 2387 1094 2463 redolebant,
1132 2390 1287 2450 velut
1326 2389 1387 2450 in
1427 2389 1766 2451 Phoronide
1806 2388 2082 2469 explicate
2116 2388 2394 2450 disseruit

273 2473 347 2535 de
377 2471 644 2552 Pelasgis
677 2492 998 2552 eorumque
1037 2473 1480 2551 migrationibus
1512 2482 1935 2554 terrarumque,
1974 2492 2116 2553 quas
2157 2473 2220 2536 in
2259 2493 2391 2534 om-

270 2577 411 2619 nem
446 2556 649 2619 orbem
681 2558 947 2639 dissipati
986 2557 1341 2632 incolebant,
1381 2558 1656 2634 urbibus-3
1695 2560 2071 2640 similiterque
2110 2559 2170 2619 in
2213 2559 2389 2620 rebus
2491 2557 2496 2562 ’

271 2641 684 2704 consimilibus
715 2643 926 2705 versati
957 2662 1087 2705 esse
1116 2643 1381 2705 videntur
1409 2643 1716 2706 Acusilaus
1745 2644 1989 2724 Argivus
2019 2650 2076 2705 et
2104 2644 2391 2722 Pherecy-

273 2727 382 2790 des
413 2727 805 2789 Atheniensis,
866 2728 1125 2808 Denique
1151 2727 1622 2808 chronologicam
1663 2730 1833 2790 etiam
1878 2729 2171 2808 quandam
2200 2728 2389 2790 facto-

268 2832 410 2874 rum
433 2813 829 2875 narrationem
855 2813 1281 2891 posterioribus
1305 2815 1546 2892 praeivit
1567 2814 1665 2874 illo
1691 2832 1887 2893 opere,
1920 2813 2078 2892 quod
2103 2813 2173 2874 de
2196 2831 2389 2875 sacer-

272 2897 512 2959 dotibus
540 2897 786 2959 Iunonis
825 2898 1069 2974 Argivae
1099 2897 1447 2977 inscriptum
1479 2906 1619 2972 erat,
1661 2918 1778 2978 quo
1809 2898 2070 2977 regulam
2100 2899 2389 2977 quandam

272 3002 369 3045 res
401 2982 661 3045 diversas
693 2983 765 3046 ad
795 2984 1038 3044 eandem
1066 2983 1354 3062 temporis
1387 2982 1841 3063 descriptionem
1871 2985 2183 3045 revocandi
2221 2983 2388 3045 facile

271 3067 503 3148 primus
533 3068 887 3147 periclitatus
918 3075 1028 3142 est,
1077 3086 1277 3129 sacros
1308 3068 1369 3129 iu
1399 3068 1541 3142 hoc,
1584 3068 1681 3148 qui
1712 3069 1772 3129 in
1803 3070 2035 3148 templis
2067 3068 2387 3131 maioribus

272 3172 304 3213 a
336 3153 740 3214 sacerdotibus
782 3153 956 3213 condi
1001 3152 1292 3227 solebant,
1336 3154 1792 3214 commentarios
1833 3161 2100 3229 secutus3
2151 3154 2222 3215 de
2268 3171 2385 3233 quo

273 3256 452 3317 opere
481 3256 606 3299 non
636 3238 887 3300 alienum
917 3237 1026 3298 erit
1055 3237 1206 3300 infra
1234 3238 1408 3319 paulo
1441 3238 1795 3300 enucleatius
1829 3238 2387 3300 commentari.aeSed

270 3322 433 3384 vides
476 3322 552 3384 ita
594 3322 665 3383 ad
708 3330 824 3385 tres
854 3321 1234 3401 potissimum
1283 3323 1497 3384 classes
1528 3323 1742 3384 nubem
1775 3323 1928 3384 illam
1959 3325 2260 3385 titulorum
2291 3342 2389 3384 re—

268 3406 464 3467 vocari
496 3425 683 3486 posse,
707 3414 880 3487 atque
910 3407 1174 3487 disponi3
1214 3426 1467 3486 quorum
1498 3409 1661 3470 multi
1694 3408 1886 3483 etiam,
1927 3409 1982 3469 id
2025 3409 2385 3488 quodcertis

267 3492 628 3570 argumentis
661 3491 1172 3574 demonstrabitur,
1203 3492 1348 3554 nihil
1379 3499 1544 3554 erant
1572 3494 1685 3554 nisi
1709 3501 1903 3573 partes
1931 3495 2215 3557 maiorum
2242 3513 2387 3574 ope-

267 3595 419 3638 rum.
451 3576 648 3638 Dicam
665 3577 886 3638 veroin
911 3577 1287 3657 sequentibus
1312 3578 1567 3657 primum
1592 3579 1664 3639 de
1683 3578 1959 3658 operibus
1978 3580 2383 3658 genealogiciS,
2415 3602 2439 3640 9

270 3661 482 3723 deinde
513 3661 584 3723 de
613 3661 1110 3743 chorographiciS,
1141 3662 1387 3743 denique
1417 3664 1491 3724 de
1519 3664 1963 3743 chronologicis⁸

864 3885 907 3947 Ι.
961 3883 1209 3946 OPERA
1255 3884 1800 3948 GENEALOGICA.

435 4000 667 4064 Horum
716 4001 780 4063 in
832 4002 1174 4081 fragmentis
1216 4004 1542 4084 digerendis
1594 4006 1972 4067 utilissimum
2023 4011 2172 4077 erat,
2225 4006 2384 4085 quod

265 4084 661 4165 Apollodorus
702 4086 762 4147 in
799 4086 1154 4149 bibliotheca
1189 4088 1282 4149 his
1323 4089 1469 4169 ipsis
1501 4090 1779 4152 Hellanici
1819 4088 2095 4170 operibus
2133 4093 2386 4153 maxime
