2867 4717
1111 418 1615 488 Peripatetico.
2339 420 2409 474 99

262 567 311 657 ἦ
362 567 832 656 γραμματική·
878 565 919 657 ἧ
963 569 1084 653 μὲν
1126 571 1249 657 γὰρ
1294 572 1452 657 περὶ
1492 570 1646 649 τούς
1685 571 2097 658 χαρακτῆρας
2136 570 2253 636 καὶ
2295 571 2415 648 τὰς

269 660 421 719 τῶν
466 651 818 733 στοιχείων
847 652 1255 742 ἐκφωνήσεις
1290 653 1733 741 καταγίνεται,
1775 679 1925 741 ητις
1961 654 2077 719 καὶ
2117 676 2414 741 γραμμα-

269 738 439 824 τικὴ
487 735 752 821 λέγεται
796 739 1088 816 παλαιά,
1150 731 1315 806 οὖσα
1359 739 1475 805 καὶ
1519 739 1655 823 πρὸ
1695 740 1826 804 τῶν
1877 741 2209 824 Τρωϊκιῦν,
2262 760 2415 819 σχε-

274 823 408 887 δὸν
453 820 533 886 δὲ
575 821 692 887 καὶ
737 821 876 906 ἅμα
919 824 1002 911 τῇ
1045 822 1246 929 φύσει
1289 825 1859 910 προελθοῦσαῑὸ),
1905 819 1944 910 ἡ
1995 821 2071 889 δὲ
2115 822 2275 907 περὶ
2300 824 2415 888 τὸν

272 902 704 993 ἑλληνισμόν,
759 904 908 994 ἥτις
959 931 1074 973 και
1127 909 1406 994 νεωτέρα
1459 907 1663 988 ἐστίν,
1724 904 2047 995 ἄρξαμένη
2100 906 2220 990 μὲν
2270 902 2412 972 oin?

281 987 675 1073 Θεαγένους,
715 992 1111 1058 τελεσθεῖσα
1153 993 1230 1058 δὲ
1267 994 1454 1080 παρὰ
1481 994 1611 1058 τῶν
1637 992 2198 1078 Περιπατητικῶν
2227 997 2412 1076 Πρα-

276 1074 732 1162 ξιφάνουςη)
786 1099 861 1141 τε
903 1076 1019 1142 καὶ
1061 1072 1586 1161 Ἀριστοτέλους·
1631 1078 1747 1142 καὶ
1788 1083 1907 1164 τῆς
1948 1074 2068 1160 μὲν
2108 1075 2292 1154 τέλος
2331 1077 2411 1142 τὸ

279 1153 359 1225 εὗ
409 1155 901 1244 ἀναγινώσκειν,
944 1167 1064 1248 τῆς
1109 1161 1185 1227 δὲ
1225 1163 1305 1226 τὸ
1352 1157 1422 1228 εὖ
1469 1161 1771 1249 γράφειν;
1825 1166 1923 1226 ubi
1955 1166 2291 1244 Theagenes
2323 1175 2416 1228 est
2439 1182 2492 1221 10

278 1249 744 1327 antiquissimus
776 1249 868 1309 ille
888 1249 1207 1329 RheginuS,
1238 1252 1335 1330 qui
1366 1252 1687 1312 Homerum
1720 1251 1948 1329 primus
1980 1251 2241 1310 omnium
2274 1252 2416 1313 alle-

279 1332 489 1410 gorice
528 1333 944 1411 interpretatus
985 1339 1113 1395 est¹
1132 1336 1193 1411 5)
1224 1354 1411 1414 eoque
1440 1337 1500 1396 in
1532 1353 1711 1413 opere
1739 1335 1988 1394 fortasse
2019 1335 2091 1394 de
2122 1334 2415 1411 significa—

278 1417 555 1478 tionibus
595 1417 769 1477 etiam
799 1420 1221 1480 nonnullorum
1255 1420 1673 1481 vocabulorum
1706 1418 2029 1498 inquisivit,
2071 1419 2412 1480 Aristoteles

281 1508 514 1572 autem,
547 1503 646 1579 qui
677 1519 792 1562 una
822 1521 953 1563 cum
987 1503 1353 1583 Praxiphane
1380 1513 1654 1584 tanquam
1684 1504 1977 1582 perfector
2005 1504 2416 1580 grammaticae

280 1585 587 1657 laudatur,
635 1587 840 1663 procul
880 1587 1061 1648 dubio
1102 1597 1194 1649 est
1233 1589 1644 1650 celeberrimus
1686 1588 1982 1666 Stagirita,
2025 1588 2189 1649 cuius
2234 1606 2415 1666 opera

282 1669 674 1748 grammatica
704 1673 1068 1751 maximeque
1097 1673 1153 1733 id
1188 1675 1345 1752 quod
1376 1673 1756 1751 inscripserat
1783 1667 1940 1754 περὶ
1969 1666 2202 1746 λέξεως
2231 1674 2281 1733 si
2311 1692 2413 1733 ex·

283 1762 545 1821 starent,
594 1754 801 1815 melius
843 1774 1016 1835 quam
1058 1775 1217 1819 nunc
1247 1777 1363 1837 quo
1395 1759 1520 1818 iure
1548 1758 1604 1818 id
1636 1758 1912 1818 traditum
1943 1758 2021 1816 sit
2047 1757 2414 1835 perspicere-

283 1858 447 1899 mus.
519 1839 832 1900 Recentior
872 1842 1274 1918 grammatica,
1323 1861 1495 1920 quam
1539 1841 1616 1901 illi
1656 1841 1980 1901 absolvisse
2017 1840 2414 1918 perhibentur,

285 1942 359 1983 ea
387 1929 509 1995 est,
552 1942 698 2000 quae
737 1925 1044 1986 rhetoricis
1087 1927 1467 2004 potissimum
1508 1926 1715 1986 studiis
1747 1925 1901 2001 apud
1932 1925 2289 2003 antiquiores
2319 1926 2413 1985 in·

286 2009 578 2077 serviem,
600 2007 832 2085 linguae
849 2010 1098 2071 Graecae
1121 2012 1609 2071 consuetudinem
1636 2008 2082 2069 conversatione
2105 2009 2415 2070 hominum

285 2110 526 2171 usuque
548 2091 786 2162 ‘forensi
828 2101 1046 2155 temere
1076 2096 1451 2156 fluctuantem
1484 2094 1553 2155 ad
1586 2101 1770 2155 certas
1800 2094 2057 2154 rationes
2090 2112 2158 2154 ac
2184 2094 2411 2172 regulas

287 2175 605 2237 revocabat
647 2195 832 2255 eoque
870 2180 1052 2239 modo
1082 2198 1353 2242 normam
1394 2180 1597 2241 Graeci
1630 2179 1924 2239 sermonis
1959 2178 2273 2251 condebat,
2316 2178 2414 2257 qui

289 2279 492 2322 sermo
536 2260 607 2320 ad
638 2279 908 2323 normam
941 2263 1092 2325 illam
1124 2265 1369 2325 rationis
1400 2264 1731 2325 elaboratus
1763 2270 1935 2342 atque
1963 2263 2274 2340 castigatus
2306 2282 2414 2341 ap-

289 2344 615 2425 pellabatur
645 2336 682 2406 ὁ
709 2339 1135 2429 Ἑλληνισμός
1164 2367 1352 2427 eoque
1381 2349 1625 2409 nomine
1656 2347 2063 2426 opponebatur
2093 2355 2414 2407 consuetu-

290 2429 416 2491 dini
460 2429 676 2506 vulgari
716 2449 885 2492 caeco
928 2433 1288 2512 loquentium
1330 2434 1558 2511 impetu
1598 2432 1966 2510 vagantilssl.
2042 2432 2413 2509 Quamquam

289 2531 417 2574 non
460 2514 651 2573 solum
693 2513 751 2574 id
794 2516 996 2593 agebat
1034 2519 1178 2579 haec
1206 2518 1606 2595 grammatica,
1650 2525 1717 2577 ut
1756 2516 2056 2594 corruptio
2099 2535 2168 2575 ex
2206 2516 2413 2576 turbu-

290 2597 451 2658 lenta
500 2600 924 2660 consuetudine
978 2603 1267 2680 pullulans
1309 2608 1709 2663 removeretur
1746 2608 1918 2678 atque
1958 2599 2413 2670 exscinderetur,

438 2767 519 2831 13)
560 2768 766 2818 Scilicet
791 2775 1035 2832 quatenus
1061 2769 1280 2834 pertinet
1303 2769 1365 2817 ad
1387 2769 1673 2818 litterarum
1698 2781 1869 2815 sonos.

437 2835 518 2898 14)
544 2836 802 2885 Bekkerus
823 2836 978 2885 edidit
1006 2836 1313 2903 Θεογένους
1332 2843 1385 2884 et
1404 2830 1537 2903 παρ’
1552 2828 1887 2901 Ἐξιφάνους,
1910 2847 2116 2898 quorum
2135 2833 2229 2882 boc
2247 2849 2416 2882 emen-

292 2904 465 2953 datum
494 2910 574 2952 est
596 2920 625 2953 a
651 2902 910 2952 Classenio
944 2903 977 2952 l.
1004 2920 1046 2953 c.
1074 2920 1120 2969 p.
1148 2903 1195 2966 9,
1223 2903 1304 2967 qui
1329 2918 1419 2967 pro
1446 2902 1715 2965 Theogene
1740 2901 1937 2951 dubitat
1958 2914 2019 2949 an
2044 2901 2322 2966 ponendum
2350 2900 2419 2951 sit

293 2986 473 3020 nomen
499 2970 818 3020 Theodectis,
870 2973 1178 3038 Θεαγένους
1210 2977 1262 3019 et
1294 2965 1695 3038 Πραξιφάνους
1726 2977 1806 3018 est
1838 2970 1885 3018 in
1923 2969 2031 3017 cod.
2061 2968 2415 3029 ottoboniano,

290 3045 429 3088 teste
452 3037 680 3088 Bekkero
699 3039 890 3088 Anecd.
909 3037 1026 3089 Vol.
1052 3038 1132 3099 ΠΙ,
1153 3055 1200 3104 p.
1226 3037 1350 3087 1161
1376 3045 1427 3087 et
1447 3039 1574 3104 apud
1597 3037 1885 3087 Cramerum
1906 3037 2091 3085 Anecd.
2113 3036 2275 3085 Oxou.
2294 3034 2416 3086 Vol.

291 3104 377 3166 IV,
405 3121 452 3171 p.
477 3105 605 3167 311,
639 3106 724 3155 ubi
757 3107 930 3156 eadem
965 3107 1241 3156 coartatius
1273 3106 1513 3169 leguntur
1544 3121 1610 3154 ex
1646 3106 1753 3153 cod.
1783 3103 1944 3153 Musei
1968 3102 2239 3152 Britannici
2264 3104 2417 3153 edita.

294 3171 674 3303 [Cf55gvslcker
709 3172 876 3223 kleine
910 3171 1161 3224 Schriften
1196 3172 1243 3237 I,
1285 3189 1333 3239 p.
1359 3172 1485 3233 3893
1521 3172 1700 3222 Prantl
1728 3170 2024 3221 Geschichte
2061 3170 2152 3219 der
2183 3169 2343 3233 Logik
2379 3168 2415 3234 l,

292 3256 342 3306 p.
475 3279 486 3289 .

436 3307 516 3369 15)
553 3307 616 3359 V.
644 3308 853 3357 Nitzsch
886 3308 947 3356 de
981 3308 1168 3357 Histor.
1191 3307 1392 3356 Homeri
1418 3307 1562 3357 Fasc.
1588 3305 1625 3370 Ι,
1660 3322 1707 3371 p.
1737 3303 1826 3354 131
1850 3321 1863 3366 ;
1897 3303 2142 3355 Welcker
2165 3303 2294 3355 Mus,
2322 3303 2415 3354 Rb.

293 3373 475 3426 Philol.
501 3390 548 3424 a.
581 3374 709 3424 1832
734 3392 782 3441 p.
814 3376 927 3424 157.

436 3442 517 3505 16)
557 3442 665 3492 Hoc
689 3458 839 3493 sensu
867 3443 1172 3492 Aristoteles
1198 3441 1343 3491 Rbet.
1368 3441 1453 3503 ΠΙ,
1480 3457 1523 3490 e.
1552 3442 1582 3489 5
1608 3441 1679 3490 ait
1706 3438 1825 3489 ἔστι
1851 3436 1906 3489 δ’
1936 3434 2077 3507 ἀρχὴ
2104 3437 2199 3503 τῆς
2224 3439 2416 3497 λέξεως

296 3505 357 3559 τὸ
394 3506 710 3572 ἑλληνίζειν.
760 3509 834 3561 Cf.
868 3509 925 3560 L.
952 3511 1140 3560 Lei-sch
1179 3510 1551 3575 Spracbpbilos.
1589 3510 1682 3558 der
1707 3508 1855 3557 Alten
1881 3505 1917 3569 1,
1954 3524 2001 3572 p.
2026 3506 2091 3557 48
2119 3523 2207 3572 sq„
2241 3507 2324 3556 nbi
2350 3520 2416 3555 ex

295 3575 529 3627 Fabricio
554 3579 616 3626 ad
644 3576 787 3627 Sext.
814 3579 955 3644 Emp.
981 3594 1026 3643 p.
1056 3578 1155 3627 254
1181 3579 1400 3627 citantur
1423 3579 1569 3626 haec:
1608 3571 1639 3639 ἡ
1667 3576 2077 3642 κατωρθωμένη
2103 3575 2245 3631 λέξις
2268 3572 2418 3635 ἑλλη-

295 3640 499 3712 νισμὸς
521 3645 766 3695 καλεῖται
791 3645 883 3695 καὶ
916 3647 1038 3696 πᾶν
1060 3641 1123 3694 τὸ
1149 3644 1208 3694 ἐκ
1232 3645 1328 3708 τῆς
1351 3642 1766 3710 συνηθισμένης
1790 3643 1982 3699 λέξεως
2003 3641 2417 3710 μετηνεγμένον

297 3707 583 3781 βάρβαρον
606 3712 954 3780 λέγεται,,ιι1)ἰ
980 3713 1121 3770 λέξις
1139 3713 1323 3762 dicitur
1349 3727 1501 3761 sensu
1528 3710 1974 3775 Peripateticorum
1997 3717 2209 3758 externa
2231 3709 2418 3756 oratio-

297 3779 373 3827 nis
397 3779 575 3842 forma,
603 3781 663 3829 de
690 3797 784 3846 qua
810 3782 1125 3846 scripserunt
1143 3780 1464 3840 Aristoteles,
1490 3778 1881 3843 TheophrastuS,
1908 3777 2175 3837 EudemuS,
2205 3790 2298 3823 non
2324 3791 2416 3823 vo-

298 3846 542 3911 cabulum,
570 3863 662 3912 quo
691 3863 843 3898 sensu
868 3864 917 3898 v.
942 3848 1084 3905 λέξις
1106 3848 1445 3912 usurpabatur
1470 3845 1672 3905 Stoicis,
1696 3847 1777 3910 qui
1798 3845 1857 3893 de
1876 3842 2187 3910 ἑλληνισμῴ
2207 3857 2417 3890 consen-

298 3913 490 3964 tiebant
523 3930 632 3964 cum
668 3915 1036 3980 Peripateticis,
1071 3931 1115 3964 v.
1149 3915 1309 3964 Diocl.
1335 3913 1501 3977 Magn.
1527 3928 1603 3978 ap.
1632 3913 1776 3974 Diog.
1805 3912 1860 3961 L.
1893 3910 2008 3972 Vll,
2035 3912 2099 3959 59
2133 3907 2319 3978 ἀρεταὶ
2355 3908 2418 3960 δὲ

296 3976 472 4048 λόγου
509 3982 619 4032 εἰσὶ
656 3985 852 4045 πέντε,
876 3977 1229 4051 ἑλληνισμός,
1257 3977 1532 4049 σαφήνεια
1557 3980 1666 4029 κτλ.
1691 3976 2019 4045 ἑλληνισμὸς
2045 3976 2152 4047 μὲν
2177 3967 2276 4029 οὖν
2299 3975 2418 4027 ἐστι

297 4044 511 4117 φράσις
534 4044 892 4107 ἀδιάπτωτος
910 4048 970 4102 ἐν
995 4051 1058 4118 τῇ
1078 4050 1301 4118 τεχνικῇ
1326 4049 1417 4098 καὶ
1440 4044 1517 4114 μὴ
1556 4048 1738 4113 εἰκαίᾳ
1758 4047 2046 4110 συνηθείᾳ.

1951 4129 2015 4178 7*
