2867 4717
482 414 544 466 lo
1189 413 1271 464 De
1306 412 1611 481 Aeschyli
1643 412 1870 467 Persis.

401 603 453 643 20
651 580 829 658 Igitur
858 581 914 643 id
946 581 1004 642 in
1035 580 1372 643 universum
1402 580 1779 659 propositum
1810 589 1932 643 erat
1957 583 2262 664 Aeschylo,
2309 589 2376 646 ut
2415 584 2587 648 nobi·-

478 665 563 726 les
594 665 734 738 illae,
765 684 1012 744 quarum
1043 672 1273 726 aeterna
1303 666 1593 726 memoria
1635 673 1725 727 est
1746 668 1865 741 25),
1911 668 2268 731 Graecorum
2312 668 2585 731 victorias

480 751 553 811 de
582 749 854 812 Barbarie
877 758 1223 830 reportataS,
1257 749 1621 819 Salaminiae,
1654 750 2040 826 Plataeenses,
2070 754 2467 828 Himerenses‚
2498 754 2589 816 fa·-

400 856 450 894 21
481 835 698 897 ciendis
730 836 866 896 inde
894 835 1262 914 imaginibuS,
1302 852 1450 914 quae
1489 835 1765 912 tragicam
1797 837 2051 899 indolem
2093 839 2395 912 haberent,
2441 856 2590 902 con-

478 920 809 982 celebraret.
868 921 929 982 Id
962 939 1331 998 nequaquam
1362 920 1439 981 ita
1484 920 1556 981 ab
1588 939 1657 980 eo
1695 921 1913 983 factum
1943 942 2076 986 esse
2115 943 2148 985 a
2178 924 2445 1004 plurimis
2477 924 2587 987 ob-

477 1012 768 1066 servatum
799 1013 903 1079 est,
933 1012 999 1066 ut
1027 1012 1240 1065 certam
1273 1004 1407 1064 inde
1438 1010 1495 1063 et
1536 1004 1833 1068 definitam
1874 1008 2163 1072 actionem
2214 1009 2489 1081 effecerit,
2533 1016 2591 1070 et

478 1090 530 1151 ei
558 1090 1014 1169 implicationem
1054 1089 1170 1151 hoc
1208 1088 1450 1150 nomine
1489 1088 1739 1167 dignam,
1778 1092 2191 1154 enodationem
2232 1093 2587 1155 discriminis

477 1176 750 1237 idoneam
781 1182 888 1236 cet.
920 1174 1276 1250 dederit2ss).
1339 1173 1455 1235 Sed
1496 1174 1782 1253 picturam
1824 1177 2010 1254 quasi,
2052 1178 2345 1255 poeticam
2385 1196 2591 1240 narra-

476 1260 699 1322 tionem
731 1260 801 1321 ad
831 1259 1100 1337 imaginis
1138 1258 1392 1321 formam
1446 1276 1781 1337 expressam
1834 1261 2169 1336 effinxit2⁷)
2224 1281 2467 1341 eamque
2511 1262 2589 1326 ita

477 1345 840 1418 instructam,
870 1352 937 1406 ut
963 1343 1151 1406 tribus
1185 1344 1348 1423 quasi
1380 1344 1697 1421 figurarum
1738 1345 2256 1424 complexionibus»,
2294 1361 2441 1425 quae
2479 1347 2590 1411 tria

478 1436 642 1491 erant
672 1429 858 1492 totius
903 1429 985 1489 rei
1031 1435 1328 1489 momenta
1368 1428 1726 1507 principalia,
1766 1430 2248 1509 exprimerentur.
2322 1431 2589 1494 Primum

477 1514 654 1595 prisci
682 1514 760 1574 illi
790 1516 1155 1591 Argonautae
1186 1512 1592 1592 producuntur
1621 1531 1755 1573 cum
1787 1514 1878 1586 iis,
1901 1515 2001 1592 qui
2024 1522 2272 1593 pontum
2295 1516 2590 1576 Euxinum

480 1600 762 1672 accolunt,
803 1598 1164 1659 dimicantes,
1216 1596 1434 1657 Deinde
1464 1598 1729 1675 ipsorum
1762 1616 1986 1670 eorum,
2017 1599 2113 1677 qui
2138 1606 2280 1660 tunc
2300 1600 2588 1680 temporis

477 1684 710 1746 Hellada
740 1683 1027 1755 tenebant,
1067 1681 1422 1743 Graecorum
1466 1700 1597 1743 cum
1630 1681 1822 1744 Persis
1869 1690 2164 1744 certamen
2203 1691 2370 1745 atrox
2410 1701 2589 1748 mon·-

478 1777 712 1831 stratur.
766 1768 1023 1847 Denique
1054 1766 1493 1827 occidentalium
1525 1766 1693 1832 etiam
1720 1767 2074 1829 Graecorum
2099 1768 2372 1830 victoriae
2394 1767 2467 1827 de
2498 1768 2591 1841 iis,

480 1854 578 1934 qui
607 1854 717 1915 hac
743 1860 907 1934 parte
935 1869 1141 1931 graeco
1172 1850 1399 1912 nomini
1429 1850 1794 1911 infestissimi
1840 1860 2021 1924 erant,
2064 1853 2136 1913 de
2179 1852 2393 1916 Poenis
2435 1859 2492 1913 et
2521 1851 2593 1912 de

478 1938 741 2001 Etruscis
772 1944 1096 2017 reportatae
1131 1936 1540 1996 ostenduntur.
1608 1936 1749 1996 Vide
1788 1944 2001 2015 quanta
2039 1944 2160 1997 arte
2188 1936 2399 1998 Noster
2445 1936 2591 2011 illae,

479 2043 624 2104 quae
651 2024 987 2101 nuperrime
1019 2028 1075 2082 et
1103 2020 1175 2083 ab
1204 2021 1349 2101 ipsis
1379 2021 1808 2098 spectatoribus
1840 2029 2034 2099 gestae
2057 2029 2238 2094 erant,
2268 2040 2364 2083 res
2387 2040 2455 2082 ex
2488 2039 2590 2081 so-

476 2109 610 2184 litis,
644 2108 854 2186 quibus
872 2126 967 2167 res
985 2106 1154 2185 vulgo
1179 2105 1298 2183 geri
1321 2113 1378 2165 et
1397 2105 1648 2184 judicari
1671 2106 1876 2177 solent,
1900 2106 2334 2170 conditionibus
2358 2124 2591 2166 exeme-

477 2194 570 2266 rit,
606 2200 664 2253 et
692 2192 761 2253 ad
796 2191 1057 2252 altiorem
1090 2190 1380 2267 quendam
1412 2189 1653 2267 gradum
1697 2196 1868 2267 atque
1903 2198 2283 2269 prospectum
2323 2188 2590 2263 evexerit,

477 2278 576 2341 ubi
607 2277 799 2358 prisca
829 2293 951 2336 non
982 2274 1161 2335 modo
1193 2273 1488 2353 majestas,
1516 2291 1718 2334 verum
1751 2274 2019 2353 religiosa
2051 2291 2286 2353 quoque
2314 2275 2589 2336 sanctitas

480 2363 551 2425 iis
605 2362 1068 2441 adspergeretur.
1144 2358 1284 2420 Vide
1334 2358 1526 2432 etiam,
1584 2366 1794 2436 quanta
1845 2360 2135 2438 voluptate
2176 2367 2375 2423 motos
2419 2366 2591 2438 pute-

401 2468 452 2507 22
479 2466 615 2510 mus
644 2446 1053 2518 AthenienseS,
1100 2445 1171 2505 ad
1212 2450 1489 2523 quantam
1531 2442 1709 2504 simul
1749 2443 1944 2504 omnis
1976 2443 2190 2522 gloriae
2219 2451 2279 2505 et
2304 2443 2588 2505 libertatis
2652 2483 2658 2489 -

481 2628 787 2681 Graecorum
821 2628 1016 2679 laudem
1055 2628 1352 2682 cumulatam
1386 2626 1543 2677 fuisse
1575 2627 1849 2677 verisiinile
1881 2634 2037 2690 esset,
2076 2626 2172 2677 uisi
2194 2628 2434 2692 temporis
2460 2628 2591 2677 ratio

477 2698 854 2748 adversaretur.
905 2696 1117 2749 Constat
1142 2696 1268 2746 enim
1294 2711 1503 2762 pugnam
1540 2694 1875 2757 Salaminiam,
1906 2696 2264 2760 Himereusem,
2298 2694 2593 2761 Cymeusem

478 2766 559 2817 01.
580 2764 662 2827 75,
694 2764 737 2813 1.
763 2762 879 2827 480,
904 2763 1250 2815 Plataeensem
1275 2771 1326 2814 et
1346 2763 1685 2830 Mycalensem
1711 2762 1791 2826 75,
1817 2762 1865 2814 2.
1894 2762 2010 2813 479.
2047 2764 2219 2812 eadem
2244 2763 2323 2813 die
2347 2770 2594 2828 pugnatas

478 2831 651 2883 fuisse.
698 2831 775 2884 An
802 2832 1096 2898 Cymensem
1119 2845 1331 2897 pugnam
1357 2846 1385 2880 a
1411 2830 1601 2880 Glauco
1629 2831 1814 2882 reduce
1840 2830 2116 2886 nuntiatam
2149 2827 2305 2880 fuisse
2330 2832 2593 2895 putemus?

477 2928 547 2937 —
569 2900 814 2949 Etruscos
852 2914 1140 2966 quamquam
1165 2899 1337 2948 eodem
1369 2914 1518 2962 anno,
1554 2904 1718 2947 tamen
1754 2898 1921 2963 paullo
1956 2898 2121 2947 serius
2155 2913 2299 2961 quam
2331 2896 2595 2961 Cartbagi-

480 2969 680 3019 nienses
706 2965 766 3015 ab
792 2966 1009 3016 Hierone
1033 2964 1174 3016 fusos
1200 2980 1331 3028 esse,
1351 2965 1571 3015 Diodoro
1610 2966 1747 3015 solos
1771 2965 2015 3016 Etruscos
2040 2972 2359 3030 memorante,
2387 2962 2450 3016 cf.
2474 2964 2593 3015 Dis-

480 3052 570 3086 sen
595 3036 658 3086 ad
682 3034 822 3085 Pind.
846 3033 994 3101 Pytb.
1021 3032 1060 3083 Ι.
1097 3032 1178 3083 73.
1231 3031 1412 3084 Graeci
1447 3047 1636 3098 pugnas
1672 3032 1983 3095 Salaminiae,
2018 3032 2352 3092 HimereuseS,
2380 3031 2594 3097 Cymen-

481 3120 565 3155 ses
583 3102 801 3167 jungere
837 3103 986 3167 soliti,
1023 3100 1086 3152 cf.
1112 3101 1323 3153 Aristot.
1357 3108 1491 3167 poet.
1518 3099 1598 3149 23.
1632 3107 1685 3149 et
1708 3099 1845 3150 Pind.
1870 3099 1926 3149 P.
1957 3099 2001 3162 1,
2027 3099 2109 3149 72.
2137 3099 2243 3163 79„
2278 3100 2494 3149 carmine
2527 3099 2592 3149 ad

483 3174 640 3239 ipsum
665 3170 932 3219 niernum
960 3169 1197 3219 rimorum
1229 3169 1429 3231 scriptu.
1457 3199 1525 3203 —
1551 3168 1621 3219 Du
1649 3168 1727 3230 iis,
1760 3182 1885 3233 quae
1917 3166 2175 3234 paullatim
2201 3167 2370 3217 addita
2404 3167 2508 3216 siut
2532 3166 2595 3215 ad

480 3243 568 3291 hus
608 3255 792 3303 pugnas
820 3255 844 3287 a
876 3239 1081 3287 [inlunis
1109 3247 1157 3287 *rt
1185 3255 1209 3287 :i
1241 3239 1421 3287 Siculis
1449 3239 1686 3286 adversus
1712 3235 1960 3286 Barbaros
1986 3241 2227 3300 pugnatas
2251 3234 2443 3283 arctius
2470 3249 2597 3286 con-

488 3311 768 3367 ntaeclundfls,
808 3323 852 3355 ν.
892 3307 1161 3355 leuitalmann
1201 3307 1565 3367 fas-‚warsssgms
1597 3303 1629 3351 Ῐ.
1672 3302 1784 3353 186.
1810 3331 1877 3341 -·
1903 3302 1956 3353 Si
1990 3317 2072 3365 ea,
2110 3317 2233 3367 quae
2260 3316 2324 3350 ex
2344 3300 2593 3351 Herodico

484 3377 744 3423 ubscuritffi
780 3383 1133 3435 inanimamur,
1173 3379 1361 3435 inu-gra
1401 3379 1675 3435 vulturani,
1711 3371 1770 3420 de
1804 3370 1965 3420 altera
1992 3369 2079 3419 illa
2104 3368 2415 3430 recensione,
2451 3384 2595 3435 quam

484 3443 764 3507 :kusrliffi'luss
788 3443 1012 3491 {Humanis
1040 3451 1093 3491 {tl
1117 3443 1545 3507 Syracusanorum
1573 3438 1735 3499 gratia
1759 3436 1953 3502 fecerit,
1981 3438 2087 3487 sine
2108 3436 2254 3487 dubio
2284 3437 2406 3486 haec
2432 3437 2595 3487 omnin

484 3511 628 3559 i'aaile.
656 3511 915 3571 dijudicas-i
944 3519 1165 3571 passum.
1217 3511 1489 3567 Furtassis,
1525 3523 1649 3571 quae
1684 3504 1836 3555 ibide
1861 3521 2025 3571 pugna
2048 3503 2351 3567 Plataeensi,
2378 3504 2457 3553 cui
2481 3504 2596 3569 plus

484 3583 648 3627 datum
676 3579 756 3639 sit,
784 3587 1137 3639 ine111211*a=1t111·,
1165 3595 1221 3623 aa
1249 3579 1313 3623 ita
1345 3575 1667 3635 intelligendu
1694 3580 1825 3637 suut,
1851 3580 1907 3623 ut
1931 3574 1979 3622 iu
2003 3571 2164 3623 altera
2186 3571 2275 3621 illa
2301 3570 2594 3621 recensione

486 3647 796 3695 Plataeenaiu
828 3647 1004 3695 amissa
1036 3643 1237 3703 fuet-int,
1273 3651 1325 3691 ul.
1353 3659 1441 3707 pra
1469 3643 1525 3691 iis
1557 3641 1859 3692 llimereusis
1896 3640 2008 3692 laus
2032 3639 2288 3690 restituta.

620 3715 700 3775 25]
728 3707 764 3763 ni
796 3711 972 3763 alfei-‘sk
1012 3715 1281 3779 Errare-uls,
1321 3711 1385 3763 σὺ
1421 3711 1529 3775 μέν
1557 3727 1668 3759 mm
1692 3710 1865 3765 ναίεις
1890 3699 2278 3775 ἁλίπλαγκτος,
2310 3702 2598 3775 εὐδαίμων

488 3783 664 3835 afim?
696 3787 1036 3851 :saffr‘tsle'tfjff
1060 3775 1161 3831 ἕξετ’.
1217 3783 1361 3847 ΞιηιἙἸ.

624 3851 704 3903 2ῐῆ
744 3851 816 3899 Cf.
848 3859 952 3899 nol.
988 3851 1032 3899 [Ψ.
1060 3851 1225 3899 Herm„
1255 3851 1285 3896 Ι.
1313 3867 1357 3895 Ε.
1389 3867 1429 3911 p.
1461 3847 1537 3895 ΕΞ.

623 3919 704 3979 ΕΠ]
739 3919 988 3983 lageninse
1024 3919 1141 3967 baec.
1177 3915 1341 3963 fabula
1373 3911 1613 3983 „aluums-:33
1649 3912 1871 3983 ἱστορία
1903 3912 2088 3962 dicitur
2121 3909 2182 3959 ab
2224 3924 2301 3971 eo,
2337 3908 2417 3972 qui
2458 3907 2596 3960 vitae

492 3987 672 4051 ,ἤθει-ὴὲ
692 3987 720 4035 1ἰ
760 3987 880 4035 find,
908 3987 1113 4035 Iluhnrt.
1141 3991 1313 4031 fiuntur
1341 3991 1433 4031 vat-
