2867 4717
494 432 556 482 14
1198 432 1281 483 De
1315 432 1620 499 Aeschyli
1654 434 1885 485 Persis.

488 597 641 658 inter
667 595 995 658 fabulosam
1026 594 1200 669 illam,
1242 613 1414 676 quam
1448 599 1675 676 priores
1705 598 1889 659 secuti
1919 605 2100 669 erant,
2144 597 2313 677 quasi
2349 598 2598 662 fluctua-

489 682 720 743 bantur.
782 682 930 742 Nam
960 681 1138 741 altera
1178 701 1246 741 ex
1286 690 1450 761 parte
1490 682 1550 742 in
1594 682 1865 761 antiquis,
1906 697 2056 761 quae
2101 681 2310 744 fabulis
2348 683 2598 744 heroicis

492 766 954 838 continebantur,
981 765 1392 828 traditionibus
1424 768 1564 846 quid
1594 768 1825 840 veritaS,
1855 768 1993 846 quid
2022 768 2179 828 fictio
2212 774 2382 840 esset,
2424 768 2597 829 certis

488 852 816 913 rationibus
849 852 1188 929 dig-noscere
1210 852 1411 925 nescii,
1442 852 1498 911 id
1522 859 1745 913 tantum
1770 852 2049 925 fecerunt,
2071 859 2138 913 ut
2156 872 2305 931 quae
2329 851 2409 913 ibi
2428 852 2599 915 fabu‘-

487 937 617 997 lose
647 943 705 997 et
731 933 1151 1015 particulariter
1174 936 1322 997 dicta
1350 943 1536 1008 erant,
1577 956 1640 997 ea
1672 953 1847 1011 nunc,
1889 938 2084 1015 quoad
2113 938 2240 1017 ejus
2271 937 2397 997 fieri
2425 944 2597 1017 pote-

488 1028 596 1094 rat,
628 1022 700 1081 ad
731 1028 950 1081 certam
980 1019 1228 1098 aliquam
1258 1021 1604 1082 memoriam
1634 1029 1693 1082 et
1722 1022 1791 1082 ad
1817 1023 2122 1084 universas
2143 1022 2398 1083 rationes
2422 1022 2598 1083 redu-

491 1113 704 1168 cerent.
758 1105 952 1165 Altera
980 1112 1174 1165 autem
1205 1124 1276 1166 ex
1299 1112 1481 1184 parte,
1515 1107 1795 1184 quoniam
1821 1107 2119 1185 antiquam
2141 1107 2298 1168 illam
2319 1106 2596 1181 indolem,

489 1209 603 1269 qua
630 1190 895 1251 fabulose
923 1189 1121 1251 omnia
1151 1190 1575 1268 effingebantur
1592 1193 1619 1231 4
1636 1193 1715 1265 5),
1746 1210 1996 1271 prorsus
2025 1209 2151 1253 non
2180 1209 2319 1271 prae
2350 1211 2415 1253 se
2440 1193 2598 1253 ferre

487 1275 823 1355 nequibant,
853 1275 1068 1335 factum
1095 1282 1201 1348 est,
1231 1283 1299 1335 ut
1326 1276 1499 1337 etiam
1523 1276 1614 1349 iis,
1643 1294 1789 1355 quae
1807 1294 1966 1338 nunc
1987 1277 2136 1338 facta
2155 1283 2341 1351 erant,
2373 1277 2596 1338 descri-

487 1360 696 1422 bendis
734 1359 1047 1438 mythicam
1079 1360 1370 1438 quandam
1400 1378 1827 1440 saepenumero
1861 1363 2115 1441 speciem
2154 1362 2597 1441 adspergerent3

487 1454 684 1506 tamen
707 1445 787 1506 ita
808 1450 875 1505 ut
896 1444 1058 1516 deos
1085 1452 1143 1505 et
1163 1463 1258 1505 res
1283 1445 1505 1506 divinas
1527 1446 1859 1526 frequenter
1880 1447 2295 1519 immiscerent,
2326 1446 2501 1520 etita,
2531 1453 2600 1508 ut

489 1549 696 1591 eorum
727 1547 873 1608 quae
900 1545 1058 1590 nunc
1087 1537 1269 1603 erant,
1302 1549 1514 1591 causas
1542 1539 1599 1592 et
1625 1532 1948 1610 primordia
1969 1551 2005 1592 a
2024 1532 2311 1594 fabulosis
2334 1531 2444 1592 illis
2466 1550 2600 1592 sae—

489 1615 633 1678 culis
662 1620 922 1693 repetere
950 1622 1226 1676 amarent.
1279 1615 1479 1695 Neque
1501 1615 1557 1677 id
1580 1622 1808 1677 tantum
1829 1616 1901 1678 iis
1926 1616 2146 1689 accidit,
2169 1616 2268 1695 qui
2290 1616 2597 1677 historiam

488 1699 798 1762 scribendo
830 1699 1081 1761 condere
1111 1706 1509 1779 susceperant,
1552 1702 1657 1762 sed
1698 1701 1771 1762 iis
1814 1703 2006 1774 etiam,
2048 1701 2147 1780 qui
2191 1701 2444 1779 fingendi
2476 1708 2597 1763 arm

487 1785 700 1865 aliquid
730 1785 959 1845 tradere
1000 1784 1288 1846 volebant.
1349 1785 1576 1859 Quibus
1602 1785 1840 1847 solitum
1871 1792 1995 1847 erat
2024 1794 2085 1847 et
2112 1804 2231 1860 eas,
2263 1801 2412 1865 quae
2439 1804 2597 1848 nunc

407 1888 459 1928 29
487 1871 764 1932 adversus
795 1871 1005 1934 Persas
1033 1878 1228 1948 gestae
1255 1878 1420 1932 erant
1448 1889 1544 1932 res
1573 1890 1707 1931 cum
1745 1871 1815 1931 iis
1859 1871 2234 1951 conjungere,
2278 1889 2426 1949 quae
2455 1871 2597 1932 olim

488 1962 622 2017 ante
653 1954 921 2035 Trojam,
961 1962 1018 2015 et
1053 1974 1232 2034 porro
1265 1956 1545 2017 adversus
1575 1957 1900 2017 Amazonas
1934 1963 2040 2017 cet.
2081 1976 2112 2017 a
2147 1955 2370 2017 sanctis
2399 1956 2597 2017 heroi·-

487 2041 600 2102 bus
630 2040 920 2119 praeclare
948 2048 1109 2117 gesta
1137 2041 1504 2103 ferebantur:
1547 2048 1605 2102 et
1631 2041 1759 2119 ipsa
1787 2042 1882 2102 illa
1907 2042 2189 2116 fabulosa,
2221 2060 2367 2120 quae
2394 2040 2596 2121 Olym-

489 2125 602 2205 piis
645 2125 755 2185 diis
797 2143 930 2184 cum
961 2124 1261 2185 Titanibus
1300 2133 1360 2186 et
1388 2126 1729 2204 Gigantibus
1773 2126 2171 2187 intercessisse
2209 2125 2597 2187 narrabantur

490 2210 806 2271 certamina
843 2208 902 2268 in
933 2208 1129 2269 medio
1159 2210 1539 2288 proferenteS,
1570 2211 1874 2290 Olympios
1911 2210 2294 2284 Graecorum,
2337 2211 2596 2272 devictos

490 2302 685 2355 autem
713 2294 843 2355 illos
874 2300 932 2353 et
973 2293 1258 2354 immanes
1290 2295 1561 2373 Gigantes
1591 2296 1985 2356 Barbarorum
2015 2302 2214 2374 partes
2252 2313 2454 2373 gerere
2482 2296 2595 2356 fin-

407 2405 460 2444 30
488 2379 835 2458 gehant46).
888 2377 1314 2440 Historicorum
1347 2388 1541 2441 autem
1570 2380 2097 2441 luculentissimum
2137 2380 2471 2459 exemplum
2510 2388 2598 2441 est

486 2464 766 2525 Herodoti
799 2463 857 2522 in
885 2463 1191 2541 prooemio
1220 2464 1276 2538 I,
1306 2466 1488 2538 1-6‚
1520 2465 1677 2542 quod
1707 2464 1856 2525 mira
1876 2466 2125 2543 quadam
2149 2473 2207 2526 et
2228 2465 2597 2543 simplicitate

487 2556 546 2610 et
575 2547 926 2609 sublimitate
953 2547 1180 2624 insigne
1200 2556 1307 2610 est.
1367 2549 1478 2611 Ubi
1501 2549 1595 2609 ille
1618 2549 1744 2609 sine
1767 2549 1945 2611 dubio
1969 2569 2093 2622 eoa,
2126 2549 2225 2629 qui
2248 2557 2379 2610 ante
2399 2550 2593 2628 ipsum

486 2653 583 2696 eas
635 2652 733 2694 res
775 2632 1107 2709 attigerant,
1158 2651 1426 2711 magnam
1470 2641 1693 2713 partem
1734 2642 1990 2706 secutuS,
2047 2628 2393 2717 διαφοράν,
2447 2654 2595 2713 quae

487 2719 725 2780 Graecis
751 2734 912 2778 nunc
942 2734 1075 2777 cum
1099 2717 1294 2778 Persis
1325 2718 1737 2793 intercedebat,
1769 2719 1841 2780 ab
1862 2720 2288 2798 antiquissimis
2310 2721 2596 2799 tempori-

484 2804 596 2866 bus
626 2804 703 2865 ita
732 2802 980 2876 deducit,
1008 2809 1074 2863 ut
1103 2802 1499 2882 amplissimus
1532 2804 1798 2866 omnium
1822 2804 2191 2866 saeculorum
2216 2811 2273 2865 et
2292 2804 2595 2866 nationum

623 3001 709 3065 45)
736 2998 1085 3060 Μυθοτόκος
1104 3000 1310 3061 Ἑλλάς.

621 3069 705 3133 46)
733 3070 881 3120 Paus,
907 3070 965 3120 Π.
995 3071 1072 3121 17.
1095 3072 1142 3122 3.
1201 3072 1343 3124 Diod.
1369 3071 1430 3123 11.
1458 3073 1539 3124 82.
1585 3073 1756 3123 Welk.
1782 3074 1817 3123 l.
1844 3088 1886 3123 c.
1940 3072 2127 3124 Miiller
2151 3074 2185 3123 l.
2206 3089 2248 3124 c.
2307 3073 2423 3125 Pari
2447 3075 2592 3124 modo

486 3138 722 3200 imagines
747 3139 866 3188 illae
892 3139 1118 3204 sculptae
1146 3139 1484 3206 Aegineticae,
1511 3157 1636 3207 quae
1661 3157 1789 3190 nunc
1813 3140 2011 3194 Monaci
2035 3149 2366 3193 asservantur
2391 3141 2595 3205 (Miiller

486 3207 645 3256 Arck.
681 3206 728 3269 ξ.
754 3205 908 3268 903.),
955 3207 1142 3257 duabus
1177 3208 1450 3271 figurarum
1485 3209 1907 3276 complexionibus
1949 3224 2074 3275 quae
2116 3210 2177 3259 ab
2211 3210 2441 3259 Aeacidis
2475 3217 2594 3260 anto

487 3273 692 3337 TroJam
715 3274 936 3336 gloriose
960 3282 1105 3337 gesta
1131 3283 1296 3340 erant,
1328 3293 1439 3326 cum
1474 3278 1535 3327 iis
1561 3275 1827 3327 conferunt
1844 3314 1858 3341 ‚
1895 3292 2018 3342 quae
2045 3293 2201 3343 nuper
2224 3278 2286 3327 ab
2312 3293 2483 3327 eorum
2507 3292 2598 3343 po·-

488 3342 641 3390 steris
666 3341 713 3390 in
760 3357 919 3406 pugna
956 3342 1228 3394 Salaminia
1262 3351 1464 3410 patrata,
1493 3352 1662 3407 erant,
1696 3342 2002 3395 facinoribus
2036 3345 2466 3410 praeclarissimis.
2523 3342 2595 3394 Ibi

486 3408 629 3460 Paris
653 3408 871 3460 Persicis
895 3411 1123 3461 vestibus
1149 3419 1357 3462 ornatus
1383 3420 1481 3474 est,
1506 3414 1717 3464 eundem
1744 3413 1793 3462 in
1817 3414 2029 3472 modum,
2060 3429 2155 3478 qno
2175 3412 2462 3479 Aeschylus
2487 3427 2594 3462 am·

484 3476 573 3527 bas
597 3477 711 3526 illas
737 3493 959 3541 sorores,
985 3494 1110 3544 quae
1137 3478 1360 3529 Persiam
1386 3487 1440 3530 et
1462 3480 1671 3531 Hellada
1695 3487 2098 3547 repraesentant,
2124 3481 2187 3531 cf.
2216 3488 2319 3531 not.
2346 3481 2427 3542 31,
2464 3480 2596 3531 alte-

486 3558 591 3594 ram
617 3544 887 3595 πέπλοισι
912 3549 1224 3613 Περσικοῖς,
1250 3548 1461 3598 alteram
1483 3551 1762 3618 Δωρικοῖς
1799 3556 2021 3600 ornatam
2046 3546 2203 3599 fuisse
2229 3548 2394 3599 fluxit.
2434 3546 2597 3611 Igitur

486 3612 636 3662 sicuti
662 3614 839 3663 heroes
865 3614 938 3663 illi
956 3614 1206 3665 Aeacidae
1230 3631 1358 3666 nunc
1383 3615 1635 3679 Trojanos
1659 3615 1887 3681 fundunt,
1922 3619 1993 3666 ita
2027 3617 2172 3667 iidem
2198 3631 2355 3683 nuper
2386 3632 2477 3682 per
2500 3631 2595 3680 po-

486 3687 654 3731 steros
681 3695 815 3744 suoS,
841 3687 893 3730 et
914 3697 1012 3730 una
1039 3698 1146 3731 cum
1171 3683 1248 3743 iis,
1274 3683 1460 3734 Persas
1486 3685 1612 3750 apud
1632 3684 1931 3734 Salaminem
1956 3682 2207 3735 fuderunt.
2231 3711 2296 3720 —
2320 3710 2390 3720 —
2412 3684 2594 3734 Dissen

485 3748 549 3798 ad
572 3748 714 3798 Pind.
735 3747 877 3798 Nem.
902 3746 983 3800 111.
1019 3749 1317 3814 „Postremo
1344 3752 1494 3802 etiam
1520 3752 1645 3802 illud
1680 3752 1895 3814 notabis,
1929 3752 2169 3802 barbaros
2194 3751 2397 3818 Lycum,
2431 3751 2596 3818 Pbry-

485 3831 593 3881 ges,
618 3816 894 3880 Dardanos,
919 3816 1193 3882 Aethiopes
1213 3818 1276 3867 ab
1297 3818 1494 3870 Achille
1513 3821 1675 3870 victos
1696 3820 1843 3872 simul
1863 3820 1924 3868 ob
1943 3819 2195 3871 Persicum
2221 3820 2404 3872 bellum
2428 3820 2595 3886 paullo

483 3891 602 3934 ante
627 3885 721 3933 hoc
745 3899 940 3934 carmen
967 3892 1162 3948 gestum
1181 3888 1442 3936 memorari
1470 3889 1711 3950 suaviter,
1738 3889 1786 3936 in
1808 3903 1903 3954 quo
1924 3886 2201 3951 Aeginetae
2226 3888 2594 3939 excelluerunt.

485 3951 647 4003 Valde
671 3953 801 4002 onim
824 3952 1088 4018 placebant
1111 3954 1171 4004 iis
1196 3956 1288 4004 hae
1307 3952 1524 4020 fabulae,
1550 3956 1689 4021 quasi
1707 3956 1966 4022 praeludia
1987 3956 2261 4006 recentium
2279 3969 2390 4005 enm
2408 3953 2596 4005 barba-

487 4021 557 4070 ris
577 4022 914 4085 certaminum,
938 4022 1289 4089 pertinentqne
1313 4024 1488 4075 eodem
1514 4023 1800 4076 Telamonis
1825 4024 2172 4090 expeditiones
2190 4024 2435 4075 adversus
2461 4021 2595 4074 Lao-

484 4088 765 4139 medontem
792 4097 844 4140 et
867 4090 1204 4140 Amazone8.“
