2867 4717
513 422 543 472 2
1213 424 1297 474 Dc
1331 423 1639 490 Aeschyli
1676 423 1913 474 Persis.

511 588 826 669 suscipere,
864 593 932 648 ut
969 594 1174 649 nostra
1208 589 1507 667 tragoedia
1544 597 1821 668 tanquam
1862 589 2182 669 specimine
2221 589 2429 650 illustri
2466 596 2614 659 utar,

510 692 628 753 quo
659 671 931 753 propriae
960 672 1315 751 ejuscemodi
1346 675 1670 751 argumenti
1698 675 1954 735 rationes
1993 675 2149 735 cerni
2189 672 2440 754 possint.
2501 671 2617 732 Sed

511 766 820 836 antequam
850 757 990 817 illud
1017 757 1206 819 facere
1237 758 1561 835 aggrediar,
1607 758 1864 837 primum
1909 760 1980 820 de
2010 759 2172 820 omni
2203 776 2428 831 eorum,
2469 776 2618 835 quae

511 843 712 904 Graeci
742 840 1095 904 carminibus
1134 842 1414 903 faciendis
1457 843 1831 922 potissimum
1885 844 2050 924 sequi
2102 842 2385 912 solebant,
2445 859 2618 919 argu-

510 934 845 988 mentorum
873 925 1099 986 ratione
1123 945 1189 988 ea
1210 928 1410 1006 paucis
1433 927 1682 1007 praefari
1699 928 1936 1007 juvabit,
1962 929 2171 1007 quibus
2195 928 2272 1001 id,
2294 925 2451 1006 quod
2475 925 2617 985 mihi

501 1012 624 1091 jam
654 1010 1078 1091 particulariter
1135 1011 1206 1072 de
1245 1031 1312 1073 ea
1351 1031 1416 1073 re
1452 1031 1730 1091 quaerere
1766 1014 2140 1094 propositum
2182 1019 2301 1085 est,
2343 1010 2617 1072 illustrari

509 1103 569 1157 et
595 1096 918 1158 accuratius
950 1095 1178 1157 definiri
1207 1105 1398 1176 queat.

457 1521 484 1561 a
684 1504 891 1566 Omnis
920 1521 1045 1565 non
1075 1506 1270 1566 solum
1299 1505 1530 1586 poesis,
1575 1507 1681 1568 sed
1712 1514 1931 1568 ceterae
1960 1505 2153 1580 etiam,
2192 1523 2341 1584 quae
2373 1523 2407 1566 a
2437 1504 2617 1565 Grae-

511 1589 594 1650 cis
619 1588 974 1663 colebantur,
997 1596 1151 1651 artes
1180 1590 1259 1651 ita
1288 1599 1657 1669 comparatae
1685 1598 1867 1665 erant,
1898 1598 1966 1651 ut
1994 1591 2193 1652 intima
2232 1590 2303 1650 iis
2345 1608 2476 1651 cum
2508 1607 2618 1649 an-

506 1673 683 1751 tiquis
712 1673 823 1734 illis
853 1674 1088 1753 mythiS,
1124 1674 1338 1753 quibus
1377 1674 1656 1755 quioquid
1686 1677 1757 1737 de
1786 1675 1960 1737 rebus
2002 1675 2210 1736 divinis
2250 1682 2307 1735 et
2345 1673 2616 1735 humanis

509 1758 646 1820 olim
678 1758 974 1837 sapienter
1007 1760 1283 1821 traditum
1323 1768 1447 1822 erat
1477 1762 1910 1833 continebatur,
1939 1760 2256 1821 necessitas
2285 1758 2616 1819 intercede-

508 1849 614 1915 ret,
644 1850 702 1906 et
736 1862 802 1904 ea
844 1843 1081 1922 quidem
1120 1845 1350 1924 duplex,
1389 1853 1517 1908 tum
1554 1846 1833 1922 historica
1869 1855 1997 1908 tum
2037 1844 2255 1908 idealis.
2313 1844 2457 1905 Nam
2490 1842 2614 1921 pri—

509 1945 673 1987 mum
703 1934 760 1989 et
780 1928 1100 2007 primordia
1125 1948 1230 1990 sua
1254 1938 1313 1991 et
1332 1930 1692 1992 incrementa
1714 1931 1848 1992 inde
1872 1932 2170 2002 duxerant,
2191 1937 2248 1989 et
2268 1936 2395 1989 tum
2419 1928 2613 1999 etiam,

508 2011 608 2072 ubi
637 2011 729 2072 sui
757 2019 1033 2091 tanquam
1059 2014 1208 2093 juris
1238 2014 1422 2076 factae
1452 2023 1631 2087 erant,
1663 2015 1889 2087 iisdem,
1922 2014 2134 2093 quibus
2164 2031 2367 2075 aevum
2400 2011 2615 2090 mythi-

509 2113 664 2170 cum,
700 2097 965 2158 terminis
1003 2099 1242 2160 materia
1278 2117 1481 2159 earum
1522 2100 1926 2161 continebatur
1943 2101 2021 2175 3).
2083 2100 2270 2160 Altera
2310 2105 2503 2158 autem
2546 2115 2615 2156 ex

510 2187 673 2258 parte
705 2198 825 2241 non
856 2183 1034 2242 modo
1079 2183 1129 2243 si
1161 2184 1290 2261 quis
1331 2183 1573 2264 spiritus
1601 2184 1666 2248 in
1696 2184 1888 2258 rebUS,
1919 2185 2003 2245 vel
2033 2184 2209 2244 decor
2249 2183 2311 2242 in
2343 2180 2613 2260 personis

510 2271 567 2324 et
593 2265 793 2343 figuris
824 2266 1183 2328 adhibendus
1208 2275 1346 2342 erat,
1376 2268 1516 2329 haec
1540 2269 1732 2329 omnia
1763 2289 1831 2329 ex
1855 2268 2069 2347 mythis
2094 2267 2459 2347 petebantur,
2491 2266 2611 2337 sed,

508 2353 585 2410 ut
601 2350 800 2427 paucis
825 2351 1029 2426 dicam,
1057 2358 1333 2431 tanquam
1358 2353 1640 2415 idealibus
1664 2372 1887 2425 eorum,
1922 2372 2068 2432 quae
2090 2352 2415 2430 effingenda
2433 2356 2615 2422 erant,

454 2459 482 2498 4
507 2434 660 2514 typis
676 2441 733 2496 et
750 2435 1192 2514 exemplaribus,
1212 2438 1907 2517 sanctisqueimaginibus
1924 2438 1995 2499 iis
2013 2437 2323 2499 utebantur
2338 2436 2417 2511 4).
2437 2436 2617 2496 Erant

508 2518 662 2579 enim
686 2519 812 2581 illae
833 2520 1058 2582 fabulae
1072 2529 1130 2582 et
1149 2522 1420 2601 longaeva
1434 2531 1718 2584 vetustate
1742 2530 1988 2597 sanctae,
2009 2530 2067 2583 et
2088 2522 2318 2601 publica
2338 2521 2616 2597 religione

506 2603 585 2663 ita
600 2605 1039 2682 quodammodo
1056 2613 1322 2686 receptae
1346 2615 1406 2668 et
1426 2609 1693 2682 sancitae,
1715 2616 1780 2669 ut
1800 2607 1871 2668 iis
1893 2615 2169 2688 tanquam
2194 2607 2366 2667 certis
2382 2605 2617 2666 formu-

505 2687 577 2749 lis
600 2694 658 2749 et
679 2689 960 2769 symbolis
983 2691 1257 2770 quicquid
1280 2692 1350 2752 de
1373 2692 1484 2753 diis
1508 2694 1662 2754 etde
1684 2692 1950 2754 moribus
1966 2708 2447 2770 unumquemque
2466 2689 2616 2750 scire

507 2774 595 2834 fas
625 2781 763 2846 erat,
792 2774 1022 2853 publice
1050 2776 1395 2838 traderetur.
1442 2779 1634 2850 Quare
1662 2779 1787 2839 fleri
1818 2778 2065 2852 solebat,
2094 2783 2178 2850 ut,
2212 2776 2261 2838 si
2287 2793 2461 2855 quem
2486 2789 2617 2834 car-

508 2857 667 2918 mina
696 2876 949 2937 pangere
977 2861 1208 2922 animus
1235 2861 1479 2939 ferebat,
1519 2862 1638 2923 sive
1676 2863 1736 2922 id
1777 2862 1848 2923 de
1878 2862 2054 2924 rebus
2085 2862 2378 2940 praeclare
2419 2859 2616 2936 gestis,

506 2941 628 3002 sive
656 2942 728 3002 de
758 2943 868 3003 diis
900 2943 1232 3006 moribusve
1268 2946 1464 3018 fuerit,
1505 2949 1662 3009 unde
1698 2947 1895 3026 potius
1936 2965 2059 3008 non
2101 2946 2294 3007 solum
2334 2943 2616 3023 splendo-

507 3045 630 3088 rem
662 3034 720 3088 et
740 3029 992 3107 copiam,
1032 3030 1135 3089 sed
1175 3030 1347 3090 etiam
1387 3032 1724 3109 gravitatem
1764 3032 2250 3093 etauctoritatem
2301 3029 2616 3106 ingenuam

507 3110 622 3171 sibi
653 3130 992 3191 comparare
1033 3123 1255 3193 posset,
1304 3117 1548 3177 omnino
1589 3135 1711 3177 non
1752 3117 1994 3177 haberet
2030 3116 2145 3177 nisi
2186 3134 2255 3175 ex
2293 3113 2615 3174 illustribus

507 3195 616 3256 illis
647 3203 705 3257 et
730 3215 863 3257 vere
893 3198 1109 3259 sanctis
1141 3200 1431 3278 personia,
1464 3202 1933 3278 cogitationibus,
1971 3202 2148 3262 rebus
2194 3199 2443 3276 denique
2486 3215 2618 3256 om-

505 3280 679 3342 nibus
710 3282 999 3362 mythiciS.
1059 3283 1133 3344 Et
1160 3284 1268 3345 hac
1296 3284 1421 3364 ipsa
1452 3287 1701 3347 maxime
1731 3287 1801 3347 de
1831 3305 1893 3347 re
1921 3282 2448 3367 praeclarissimum
2478 3281 2614 3341 illud

511 3418 903 3429 m--fl—ae..

645 3493 692 3557 3)
720 3494 794 3545 De
820 3495 1035 3559 fingendi
1059 3506 1169 3549 arte
1197 3515 1244 3549 v.
1282 3498 1467 3550 Miiller
1499 3499 1763 3552 Arcbacol.
1798 3501 1845 3568 ξ.
1879 3502 1995 3552 419.
2038 3498 2151 3550 346.
2178 3497 2479 3548 Winckelm.
2516 3495 2616 3558 (ΙΠ.

509 3576 556 3628 p.
577 3559 790 3626 XXVII>
810 3565 995 3630 primus
1015 3566 1157 3631 vidit,
1178 3567 1553 3618 Heraclidarum
1572 3570 1913 3633 migrationem
1934 3585 2041 3620 eam
2063 3584 2165 3618 rem
2188 3582 2316 3629 esse,
2371 3581 2463 3615 uae
2484 3580 2620 3613 cam-

508 3644 620 3695 pum
645 3630 799 3694 illum,
825 3631 958 3682 intra
981 3647 1124 3699 quem
1150 3634 1356 3686 lictores
1381 3637 1550 3699 graeci
1577 3652 1631 3686 se
1658 3638 1994 3699 continebant,
2029 3635 2286 3686 clauserit.
2362 3635 2471 3682 dem
2495 3647 2617 3697 poe-

507 3697 575 3747 tis
595 3696 959 3750 observabatur
983 3702 1240 3753 terminus,
1284 3703 1584 3770 Quamquam
1603 3705 1887 3770 Euripidem
1912 3705 2157 3754 exhausta
2176 3702 2381 3766 jamjam
2407 3700 2620 3751 materia

507 3766 726 3832 mythica
752 3766 866 3816 illos
892 3767 1017 3819 fines
1044 3772 1290 3820 excedere
1315 3779 1367 3821 et
1392 3774 1549 3837 prima
1576 3773 1888 3823 Doriensium
1929 3773 1978 3821 in
2004 3772 2349 3837 Peloponneso
2391 3768 2619 3819 babitan-

512 3834 632 3883 tium
658 3830 759 3884 fata
784 3836 990 3898 aggredi
1012 3838 1256 3889 videmuS.

645 3902 695 3965 4)
732 3900 806 3952 Cf.
828 3904 1009 3954 Dissen
1035 3906 1096 3954 de
1123 3906 1366 3970 dignitate
1386 3914 1440 3957 et
1456 3923 1551 3957 usu
1569 3905 1861 3970 fabularum,
1888 3910 1948 3958 ad
1969 3907 2108 3958 Piud.
2125 3905 2162 3956 1.
2185 3922 2232 3973 p.
2251 3903 2502 3956 XXXIV:
2529 3902 2619 3967 „In

509 3967 692 4019 rabulis
716 3968 821 4021 fata
847 3979 1055 4022 aeterna
1087 3975 1307 4037 gentium
1333 3981 1386 4024 et
1408 3975 1602 4025 urbium
1635 3978 1928 4043 conspicua3
1963 3974 2159 4027 fabulae
2195 3980 2311 4024 sunt
2343 3974 2620 4023 divinarum

510 4043 562 4086 et
585 4038 903 4090 humanarum
929 4055 1095 4091 rerum
1119 4042 1452 4108 pulcherrima
1477 4051 1530 4094 et
1552 4045 1867 4095 sanctissima
1890 4045 2107 4108 imag0.“
