2867 4717
958 443 1205 497 Lesbio
1240 442 1597 497 historico.
2307 442 2375 496 63

420 598 598 659 Libro
630 597 891 659 secundo
923 607 1155 679 praeter
1181 599 1326 659 baec
1364 598 1741 659 tribuendum
1784 596 1847 671 3)
1875 597 2269 675 fragmentum
2302 599 2376 659 de

242 683 427 743 Troia
466 692 795 762 expugnata
835 684 895 744 in
947 685 1294 763 plenilunio,
1342 684 1397 744 d.
1441 684 1546 744 XII
1587 682 2021 760 Thargelionis,
2073 683 2375 744 sacerdote

241 768 592 840 Callistum,
624 788 678 828 v.
709 788 768 847 p.
802 771 901 829 44.
963 770 1126 829 Adde
1158 770 1220 842 4)
1253 769 1338 829 St.
1370 769 1433 828 B.
1470 788 1519 827 V.
1549 762 1966 848 Χαιρώνεια·
1997 801 2084 810 -
2112 763 2375 845 λέγεται

245 849 287 912 δ
295 846 316 870 ³
363 845 667 934 οἰκιστὴν
729 847 1046 932 γενέσθαι
1100 851 1219 913 τοῦ
1273 845 1687 930 πολίσματος
1737 844 2080 928 Χαίρωνα·
2145 849 2373 913 τοῦτον

245 934 322 998 δὲ
363 933 866 1017 μυθολογοῦσιν
912 929 1334 1011 ,Ἀπόλλωνος
1376 933 1492 997 καὶ
1543 933 1817 1018 Θηροῦς,
1864 930 1953 1010 ιῦς
1989 928 2153 996 Ἑλλ.
2200 930 2269 997 ἐν
2310 931 2371 1015 β’

242 1013 502 1101 ἱερειῶν
528 1014 880 1099 ‘H9a9⁸³).
941 1023 1023 1082 De
1054 1022 1328 1082 Therone
1358 1023 1444 1082 vel
1476 1022 1757 1081 Thurone
1787 1040 1839 1080 v,
1873 1022 2046 1081 PauS.
2079 1020 2175 1092 lx,
2208 1022 2306 1093 40,
2332 1021 2369 1081 3

243 1125 378 1166 cum
413 1114 551 1166 nota
587 1106 870 1166 Siebelisii
901 1115 960 1167 et
990 1107 1176 1168 Muell.
1204 1107 1484 1167 Orchom.
1512 1125 1566 1185 p.
1600 1106 1736 1167 148.
1781 1107 2088 1166 Muellerus
2113 1105 2370 1165 Chaero-

239 1208 411 1250 neam
457 1191 772 1250 arbitratur
813 1210 843 1251 a
888 1192 1095 1270 Minyis
1137 1193 1424 1252 conditam
1468 1210 1625 1262 esse3
1666 1192 1767 1251 sed
1811 1192 2057 1251 traditur
2089 1190 2176 1250 illa
2207 1190 2367 1269 regio
2454 1246 2461 1252 .

241 1276 567 1377 antiquitus
598 1275 755 1335 Arne
790 1285 991 1336 vocata
1033 1295 1164 1337 esse
1195 1270 1520 1351 (ἐκαλεῖτο
1565 1271 1640 1336 δὲ
1681 1267 1720 1358 ἦ
1766 1271 1971 1347 πόλις
2012 1270 2128 1335 καὶ
2168 1265 2366 1359 Ἄρνη

237 1356 316 1420 τὸ
365 1360 668 1442 αρχαῖον,
700 1360 920 1433 Paus.)‚
958 1362 1115 1421 unde
1144 1362 1286 1420 mihi
1319 1360 1685 1420 verisimilius
1719 1361 1932 1420 Boetos
1965 1360 2088 1420 eius
2121 1360 2368 1420 colonos

237 1444 440 1514 fuisse,
476 1464 726 1523 quo-rum
760 1446 1028 1522 migratio
1061 1445 1212 1505 cadit
1234 1446 1292 1505 in
1317 1466 1367 1506 a.
1395 1446 1475 1506 60
1501 1452 1639 1524 post
1662 1444 1887 1505 Troica.
1913 1478 1999 1489 -—
2023 1446 2086 1517 5)
2113 1445 2197 1503 St.
2222 1444 2286 1503 Β.
2311 1464 2362 1505 v.
2390 1458 2443 1499 49

240 1524 538 1608 Φρίκιον,
587 1520 736 1606 ὅρος
777 1521 945 1610 ὑπὲρ
997 1527 1447 1631 Θερμοπυλῶν
1490 1524 1855 1609 Λοκρικόν,
1905 1520 2031 1611 ἀφ’
2078 1515 2154 1589 οὗ
2200 1520 2365 1609 Φρί-

235 1633 429 1687 κανες
485 1609 599 1673 καὶ
648 1614 1004 1693 Φρικανεῖς
1058 1635 1122 1675 οι
1178 1606 1428 1676 αὐτόθι
1480 1607 1892 1696 οἰκήσαντες,
1950 1606 2042 1686 ὥς
2078 1605 2239 1673 Ἑλλ.
2296 1606 2364 1673 ἐν

237 1689 500 1778 ἱερειῶν
524 1691 741 1775 ’Ἠρας
783 1694 870 1776 β’.
946 1700 1106 1772 Quae
1146 1701 1275 1759 sine
1305 1700 1484 1759 dubio
1526 1701 1821 1777 pertinent
1859 1699 1930 1759 ad
1964 1698 2361 1759 narrationem

235 1783 306 1842 de
338 1783 608 1842 Aeolium
640 1783 700 1841 in
733 1783 924 1842 Asiam
959 1784 1343 1861 profectione,
1376 1784 1474 1862 qui
1506 1785 1577 1843 ad
1610 1784 1907 1843 Phi-icium
1940 1790 2105 1843 antea
2139 1783 2362 1843 habita-

232 1866 396 1937 bant,
427 1869 586 1927 unde
615 1867 790 1946 Cyme
824 1867 1129 1929 Phriconis
1161 1870 1328 1937 dicta,
1364 1888 1413 1928 v.
1442 1868 1634 1928 Strab.
1659 1868 1814 1940 XIII,
1841 1887 1897 1946 p.
1923 1868 2065 1927 621.
2092 1868 2156 1940 6)
2184 1866 2268 1926 St.
2294 1868 2358 1927 B.

232 1971 282 2010 v.
325 1943 608 2023 Χαλκίς.
663 1986 749 1995 —
784 1944 950 2011 Ἑλλ.
999 1943 1256 2030 ἱερειῶν
1291 1945 1510 2030 ”Ηρας
1563 1947 1882 2033 δευτέρῳ·
1954 1948 2246 2032 Θεοκλῆς
2289 1945 2361 2012 ἐκ

229 2028 583 2108 Χαλκίδος
611 2031 778 2113 μετὰ
807 2032 1199 2098 Χαλκιδέων
1225 2033 1344 2119 τήν
1366 2027 1635 2111 Ναξίων
1655 2030 1725 2098 ἐν
1745 2030 2012 2120 Σικελίῃ
2037 2031 2239 2096 πόλιν
2257 2037 2358 2105 84)

233 2112 475 2193 ἔκτισε,
503 2122 658 2198 quod
685 2121 898 2180 factum
925 2130 1017 2182 est
1039 2141 1193 2182 anno
1218 2130 1352 2182 ante
1371 2122 1691 2201 Syracusas
1717 2122 1999 2192 conditaS,
2023 2140 2139 2181 sec.
2155 2122 2358 2181 Marm.

231 2204 366 2265 Par.
400 2205 490 2265 01.
525 2208 593 2276 5,
637 2204 702 2275 3,
742 2224 856 2266 sec.
890 2206 1101 2267 Euseb.
1136 2208 1223 2268 Ol.
1264 2208 1359 2278 11,
1395 2207 1452 2267 3.
1511 2206 1667 2266 Haec
1695 2225 1787 2266 res
1821 2205 2139 2272 novissima
2171 2213 2263 2265 est
2290 2225 2359 2266 ex

231 2290 322 2362 iis,
356 2291 430 2350 de
471 2289 683 2367 quibus
715 2290 857 2350 liber
879 2293 1171 2352 secundus
1195 2292 1535 2360 adhibetur3
1567 2291 1667 2351 sed
1694 2291 1958 2350 retuleris
1981 2291 2187 2350 eodem
2215 2309 2361 2366 quae

231 2382 469 2435 exstant
495 2393 588 2452 ap.
623 2375 705 2434 St.
740 2375 803 2433 Β.
836 2394 886 2435 ν.
917 2372 1107 2437 Γέλα.
1151 2411 1237 2421 -
1274 2368 1442 2436 Ἑλλ.
1492 2367 1635 2436 α’ττὸ
1676 2371 1971 2447 Γέλωνος
2011 2372 2130 2434 τοῦ
2174 2366 2355 2436 Αἴτ-

229 2458 463 2534 νου85)
508 2455 623 2519 τοῦ
660 2450 981 2539 Ὑιιάρου,
1038 2479 1184 2539 quae
1213 2461 1282 2520 ad
1317 2461 1562 2521 eandem
1593 2462 1665 2520 de
1695 2459 1901 2537 primis
1933 2460 2160 2519 Siciliae
2191 2460 2354 2519 colo-

228 2544 324 2604 nis
367 2545 760 2604 narrationem
805 2546 1097 2621 pertinere
1134 2545 1430 2613 videntur,
1471 2546 1605 2605 licet
1642 2544 1958 2604 obscurum
1993 2545 2070 2604 sit
2098 2544 2170 2603 de
2201 2562 2355 2621 quo-

228 2647 368 2688 nam
411 2629 630 2688 Gelone
678 2628 966 2707 loquatur.
1048 2630 1306 2707 Denique
1348 2629 1639 2689 Hellanico
1691 2629 2033 2688 vindicanda
2087 2628 2354 2688 videntur

230 2731 379 2791 quae
431 2713 706 2789 leguntur
754 2732 846 2791 ap.
889 2714 1126 2793 Dionys.
1167 2717 1233 2774 A.
1279 2714 1348 2773 R.
1395 2713 1445 2782 I,
1494 2712 1696 2789 728⁶)
1754 2704 1790 2772 ὃ
1834 2705 1909 2772 δὲ
1950 2707 2071 2783 τὰς
2112 2704 2354 2788 ἱερείας

228 2793 351 2870 τὰς
402 2791 472 2859 ἐν
519 2788 749 2877 Ἄργει
799 2793 916 2858 καὶ
969 2795 1055 2858 τὰ
1099 2789 1267 2859 καθ’
1312 2789 1591 2880 ἑκάστην
1633 2789 2026 2879 πραχθέντα
2070 2812 2353 2876 συναγα-

367 2979 453 3043 83)
488 2981 758 3045 Sequentia
790 2980 919 3032 falso
956 2982 1107 3032 tribui
1142 2980 1400 3031 Hellanico
1432 2981 1562 3031 vidit
1596 2978 1876 3029 Muellerus
1910 2980 2143 3030 Orchom.
2178 2996 2225 3044 p.
2251 2981 2350 3032 416

228 3055 334 3098 not.
371 3052 420 3097 5.
481 3048 601 3098 Mihi
638 3050 854 3114 λέγεται
887 3078 952 3087 —
988 3042 1136 3100 εἷλον
1162 3049 1510 3115 Aristophanis
1536 3048 1596 3100 ἐν
1618 3048 1945 3098 Βοιωτικῶν
1971 3045 2209 3114 δευτέρῳ
2234 3063 2350 3099 esse

227 3118 490 3179 videntur,
543 3117 624 3181 qui
674 3118 958 3167 adbibuerit
997 3119 1332 3167 testimonium
1376 3116 1639 3165 Hellanici.
1715 3116 1814 3165 Pro
1858 3114 1952 3165 ἐπὶ
1991 3110 2353 3181 Ὀρχομενοῖς

228 3181 407 3234 Muell.
433 3185 584 3233 scrib.
613 3200 657 3234 c.
683 3180 1097 3252 ἐφορμώμενοι.
1134 3184 1354 3235 Facilius
1381 3191 1493 3234 erat
1517 3178 1904 3252 ἐπερχόμενοι.
1941 3182 2212 3248 Sequentia
2234 3191 2351 3233 sunt

224 3249 528 3313 Pausaniae,
556 3253 696 3300 cuius
725 3269 900 3302 nomen
933 3254 1137 3301 excidit.

364 3320 449 3376 84)
489 3319 571 3367 Sic
610 3320 868 3380 legendum
905 3321 1121 3368 coniecit
1143 3319 1435 3379 Cluverius,
1473 3333 1616 3383 quum
1643 3317 1794 3380 vulgo
1821 3318 2002 3366 edatur
2022 3312 2165 3384 μετὰ
2197 3318 2350 3367 Χαλ-

223 3384 432 3437 κιδέων
454 3386 545 3435 καὶ
569 3388 796 3444 Ναξίων
819 3386 878 3437 ἐν
902 3386 1130 3452 Σικελίᾳ
1155 3382 1359 3442 πόλεις.
1409 3386 1630 3435 Cluverii
1650 3387 1930 3434 emendatio
1947 3387 2207 3433 maximam
2234 3401 2347 3449 par-

223 3461 325 3503 tem
346 3455 674 3503 confirmatur
694 3456 802 3503 cod.
825 3456 1048 3517 Vratisl„
1071 3456 1150 3519 qui
1173 3455 1340 3503 babet:
1366 3456 1459 3504 καὶ
1478 3454 1696 3511 Ναξίαν
1720 3452 1779 3503 ἐν
1797 3451 2022 3518 Σικελίῃ
2050 3448 2218 3502 πόλιν
2237 3452 2344 3504 ἔκτ.

224 3521 298 3571 De
331 3539 388 3572 re
423 3521 486 3571 cf.
523 3523 737 3571 Boeckb.
769 3521 822 3571 C.
862 3523 896 3572 Ι.
933 3523 991 3586 ll,
1023 3539 1070 3587 p.
1099 3522 1223 3582 3353
1262 3522 1475 3572 Fischer
1508 3522 1640 3571 tabb.
1677 3521 1900 3569 chronol.
1938 3520 2025 3569 Gr.
2060 3521 2106 3568 in
2145 3520 2226 3569 01.
2269 3522 2345 3584 11,

229 3589 247 3637 1
278 3596 334 3639 et
358 3588 408 3639 3.

359 3657 445 3716 85)
484 3655 628 3705 Cluv.
657 3657 754 3705 vol.
783 3658 875 3720 τῆς
895 3659 1120 3718 Αἴτνης.
1171 3657 1266 3705 Sed
1294 3658 1343 3705 in
1369 3656 1519 3706 Voss,
1547 3662 1599 3704 et
1624 3656 1670 3704 in
1692 3654 1902 3705 Vratisl.
1925 3655 2078 3719 prima
2101 3671 2245 3703 manu
2266 3663 2346 3705 est

222 3724 322 3773 τοῦ
344 3726 580 3783 Αἴτνου,
600 3732 652 3773 et
679 3725 887 3773 SalinaS.
915 3727 961 3774 in
992 3726 1173 3774 Palatt.
1199 3740 1315 3773 esse
1341 3732 1561 3773 testatur
1592 3724 1691 3773 τοῦ
1715 3725 1932 3772 Αἴτνου
1955 3724 2053 3771 τοῦ
2073 3719 2343 3786 “Υμάρου.

222 3791 349 3841 Gelo
374 3793 464 3841 ille
491 3789 710 3841 fortasse
736 3794 861 3841 idem
887 3801 968 3842 est
991 3810 1097 3842 cuin
1124 3809 1200 3854 eo,
1227 3808 1369 3857 quem
1396 3792 1646 3853 significat
1670 3792 1849 3840 Herod.
1882 3789 1995 3851 Vll,
2032 3791 2122 3838 153
2156 3791 2255 3838 τοῦ
2282 3787 2346 3839 δὲ

132 3866 151 3884 '
220 3859 468 3914 Γέλωνος
506 3856 701 3909 τούτου
735 3857 1018 3926 πρόγονος
1051 3856 1287 3926 οἰκήτωρ
1314 3856 1417 3912 ἐὼν
1443 3861 1629 3922 Γέλης,
1666 3860 1745 3924 qui
1781 3860 1965 3908 ceteris
1992 3864 2154 3907 tamen
2191 3857 2345 3905 omui-

223 3927 312 3977 bus
336 3929 627 3991 appellatur
652 3929 992 3992 Antipbemus,
1019 3944 1064 3976 v.
1093 3928 1248 3977 Thuc.
1277 3927 1357 3988 Vl,
1385 3927 1413 3976 3
1441 3946 1483 3977 c.
1512 3935 1636 3977 nott.
1667 3928 1820 3992 intpp.

356 3994 440 4051 86)
482 3996 558 4044 Ex
597 3997 688 4043 boc
711 4011 788 4060 ap.
818 3995 1001 4045 Euseb.
1028 3996 1208 4045 Clu-on.
1235 3994 1269 4058 1,
1295 3997 1376 4058 45,
1403 4013 1450 4062 p.
1477 3997 1572 4045 207
1612 4009 1725 4044 nov.
1763 3994 1963 4043 collect.
1989 3991 2107 4042 Mai.
2134 3998 2188 4040 et
2210 3991 2342 4058 Syn-

221 4062 335 4112 cell.
364 4062 644 4126 chronogr.
672 4080 718 4128 p.
750 4062 863 4113 192.
