2867 4717
480 421 551 477 58
1290 419 1382 473 De
1419 416 1777 471 Hellanico

478 578 600 639 mio
631 575 727 637 illo
752 574 1124 646 afficiebatur,
1145 574 1341 653 quod
1325 591 1386 633 m
1409 572 1718 651 superiore
1739 571 2045 673 anaglyphi
2067 579 2233 651 parte
2248 572 2422 633 variis
2445 573 2599 652 figu-

479 662 562 723 ris
593 679 935 737 expressum
967 667 1074 719 est.
1151 659 1422 719 Cernitur
1459 658 1540 718 ibi
1572 657 1848 718 Hercules
1879 649 2400 735 αναπαυόμενος,
2432 660 2598 737 quod

480 746 841 842 adscriptum
875 751 993 814 est,
1035 743 1073 803 i.
1103 762 1154 803 e.
1187 743 1244 802 in
1277 743 1422 820 pelle
1452 742 1682 802 leonina
1710 741 2031 811 recubans,
2068 742 2386 823 festiveque
2424 751 2599 822 atque

479 831 720 908 opipare
749 828 1102 889 comissans.
1155 826 1502 887 Circumfusi
1536 834 1677 887 sunt
1705 828 1979 887 mulieres
2010 834 2067 887 et
2097 828 2298 905 satyri,
2325 839 2598 906 quorum

477 915 622 976 alius
656 913 954 993 poculum,
987 913 1142 991 quod
1168 919 1260 973 est
1288 912 1348 971 in
1374 929 1552 974 manu
1577 910 1789 984 herois,
1818 911 2028 971 furtive
2051 911 2263 984 haurit,
2294 912 2482 973 dum
2467 931 2598 990 ipse

477 1000 716 1077 respicit
770 999 941 1059 alium
995 1005 1280 1074 satyrum,
1339 995 1741 1056 mulierculam
1798 996 2124 1091 petulanter
2174 1004 2594 1057 attrectantem.

476 1082 969 1162 Repraesentatur
1009 1075 1236 1158 Ἥβας
1273 1074 1509 1160 γάμος,
1551 1099 1668 1158 quo
1700 1080 1978 1141 Hercules
2019 1081 2079 1140 in
2111 1079 2362 1160 Olympo
2394 1081 2594 1142 beatus

476 1176 584 1239 est,
614 1168 792 1246 idque
821 1186 891 1226 eo
923 1166 1125 1235 modo,
1166 1173 1232 1225 ut
1268 1174 1426 1225 recte
1456 1165 1600 1226 mihi
1631 1164 1943 1224 Viseontus
1975 1167 2311 1243 suspicatus
2344 1183 2476 1225 esse
2507 1166 2592 1226 vi-

475 1252 698 1324 deatur,
729 1252 1063 1329 Epicharmi
1086 1250 1343 1310 fabulam
1367 1249 1571 1309 artifici
1599 1249 1961 1310 observatam
1988 1267 2136 1310 esse.
2194 1249 2320 1310 lam
2346 1250 2396 1309 si
2419 1251 2595 1311 altera

475 1355 648 1397 scena
681 1336 909 1396 initium
942 1336 1344 1406 victoriarum,
1384 1336 1559 1394 altera
1600 1334 1735 1393 finis
1776 1352 1893 1410 quo
1936 1352 2089 1411 opus
2129 1341 2471 1394 coronatum
2504 1342 2599 1394 est

472 1422 844 1500 proponitur,
873 1421 1105 1480 adstant
1125 1420 1415 1498 utrimque
1441 1418 1777 1478 columellae
1798 1419 2097 1487 litteratae,
2131 1418 2342 1496 quibus
2367 1418 2596 1496 singula

476 1524 654 1583 opera
688 1505 1012 1583 perscripta
1045 1512 1211 1574 sunt,
1244 1513 1310 1564 ut
1339 1505 1534 1563 omnis
1566 1503 1807 1563 historia
1834 1502 2092 1562 Herculis
2122 1504 2239 1563 hoc
2266 1503 2592 1582 anaglypho

473 1589 616 1649 satis
654 1591 799 1650 scite
837 1551 1385 1691 comprehendatur.
1454 1586 1520 1646 ln
1563 1587 1766 1646 infimo
1811 1587 2072 1664 margine
2111 1587 2383 1688 leguntur
2427 1589 2593 1648 haec:

457 1665 674 1775 Ἠρας
691 1664 1034 1755 ,Ἀργείαςε
1016 1667 1222 1773 ιέρεια
1243 1664 1544 1750 ,Ἀδμάτα
1564 1663 1967 1748 Εὐρυσθέως
1986 1665 2101 1731 καὶ
2122 1663 2460 1748 Λδμάτας
2473 1666 2596 1745 τᾶς

393 1777 446 1818 43
475 1748 1076 1842 Λμφιδάμαντος’
1048 1752 1162 1840 ἐτη
1192 1761 1284 1839 νή,
1317 1757 1472 1816 unde
1496 1757 1879 1833 corrigendus
1905 1756 2242 1834 Syncellus
2226 1774 2284 1816 m
2307 1755 2440 1816 loco
2464 1757 2593 1818 lau-

473 1843 640 1914 dato,
672 1862 820 1922 quae
851 1842 1124 1902 vocabula
1155 1861 1225 1902 eo
1257 1841 1506 1901 consilio
1538 1841 1760 1901 adiecta
1784 1847 1940 1910 sunt,
1968 1849 2034 1900 ut
2054 1848 2391 1918 temporum
2417 1841 2591 1901 etiam

471 1923 695 1989 notatio
722 1928 1072 2005 compendio
1097 1926 1173 1987 illi
1197 1926 1477 1986 historiae
1506 1915 1972 2002 subiungeretur.
2002 1960 2086 1969 —
2117 1926 2229 1985 Sed
2256 1926 2328 1985 de
2348 1926 2594 1986 Admeta

472 2013 775 2073 sacerdote
826 2011 1223 2071 memorabilis
1274 2010 1533 2070 narratio
1586 2018 1678 2070 est
1728 2008 2024 2070 Menodoti
2076 2027 2166 2087 ap.
2207 2009 2416 2069 Athen.
2469 2009 2590 2080 XV,

471 2115 529 2174 p.
572 2095 695 2156 672
736 2099 810 2166 A,
852 2095 911 2155 in
955 2095 1397 2173 antiquitatibus
1438 2095 1658 2155 insulae
1699 2095 1858 2154 Sami
1896 2093 2422 2168 versatissin1i73),
2468 2094 2592 2154 Ad-

468 2188 683 2239 metam
719 2187 856 2257 post
880 2188 1128 2239 mortem
1157 2178 1466 2256 Eurysthei
1491 2179 1658 2255 Argis
1683 2180 1981 2256 expulsam
2007 2198 2137 2238 esse
2166 2186 2225 2238 et
2256 2196 2387 2238 cum
2421 2178 2592 2255 signo

472 2264 716 2323 Iunonis
746 2264 1008 2335 Samum,
1039 2282 1069 2322 a
1099 2263 1399 2344 Lelegibus
1429 2270 1554 2336 tum
1571 2225 1933 2332 t>habitatam,
1966 2263 2277 2340 aufugisse,
2310 2263 2464 2323 unde
2494 2282 2592 2323 re-

470 2348 816 2426 petebantur
856 2347 1108 2424 origines
1139 2347 1384 2408 Iunonis
1410 2331 1662 2415 Samiae,
1696 2355 1834 2425 post
1855 2348 2120 2423 Argivam
2147 2347 2590 2408 illustrissimae.

472 2431 644 2506 Quod
691 2433 761 2492 ad
802 2439 1071 2509 tempora
1109 2432 1335 2502 attinet,
1375 2432 1737 2511 Eurystheus
1777 2432 2096 2491 secundum
2139 2432 2453 2492 Eusebium
2493 2451 2590 2492 re-

470 2517 669 2593 gnavit
706 2515 787 2575 43
827 2534 1045 2587 annos,
1085 2515 1156 2576 ab
1196 2536 1246 2575 a.
1294 2515 1457 2577 1302
1498 2517 1566 2575 ad
1617 2515 1797 2577 1259.
1882 2516 2157 2576 Admetae
2201 2534 2417 2575 munus
2468 2523 2592 2577 erat

473 2599 552 2661 58
578 2619 893 2670 annorum,
926 2609 991 2661 ut
1019 2601 1297 2660 sacerdos
1327 2600 1504 2660 fuerit
1531 2601 1603 2660 ab
1634 2620 1683 2661 a.
1717 2600 1874 2660 1317
1906 2601 1977 2660 ad
2018 2601 2196 2671 1259,
2227 2601 2383 2662 unde
2412 2600 2589 2660 simul

469 2685 722 2746 efficitur
759 2693 826 2745 ut
863 2685 1142 2763 Alcyone,
1199 2686 1476 2745 decessor
1513 2685 1822 2755 Admetae,
1874 2684 2144 2745 defuncta
2194 2685 2270 2746 sit
2308 2705 2356 2747 a.
2410 2685 2585 2745 1317.

468 2769 658 2844 Quam
701 2769 750 2829 si
794 2771 1049 2847 quadrag
1018 2771 1170 2829 ointa
1210 2788 1398 2829 annos
1440 2769 1779 2829 sacerdotali
1825 2770 2053 2829 honore
2099 2776 2361 2831 ornatam
2404 2770 2589 2830 fuisse

466 2872 780 2954 ponamuS,
811 2854 1074 2933 sequitur
1103 2861 1167 2913 ut
1191 2854 1365 2913 Siculi
1397 2874 1447 2914 a.
1478 2853 1629 2913 1331
1665 2855 1725 2914 in
1753 2853 2004 2914 Siciliam
2028 2854 2586 2932 transmigraverint,

465 2932 551 2997 τοὶ
604 2935 869 3019 Τρωὶκα
912 2957 1048 2998 vero
1080 2939 1149 2998 ab
1183 2938 1473 2998 Hellanico
1513 2940 1705 3017 posita
1748 2939 1867 3000 sint
1906 2938 2056 2998 circa
2087 2958 2138 2998 a.
2176 2902 2356 2999 1231.
2419 2940 2584 3012 Quos

468 3041 750 3082 numeros
793 3040 1031 3100 appono
1075 3040 1197 3082 non
1241 3024 1408 3101 quasi
1435 3024 1633 3118 ipsum
1668 3023 2024 3082 Hellanicum
2060 3023 2145 3084 sic
2176 3024 2581 3084 ratiocinatum

466 3125 598 3167 esse
628 3126 921 3177 censeam,
962 3106 1064 3166 sed
1103 3115 1170 3166 ut
1199 3125 1308 3184 qua
1340 3107 1567 3166 ratione
1598 3109 1659 3167 in
1689 3107 1796 3167 illis
1819 3107 2181 3185 temporibus
2213 3118 2480 3169 versatus
2509 3110 2585 3168 sit

466 3210 536 3251 ex
567 3192 740 3252 certis
772 3192 1049 3269 exemplis
1081 3193 1272 3269 possit
1303 3191 1638 3251 existimari.

639 3277 701 3350 5)
749 3276 993 3336 Secutae
1033 3282 1169 3336 sunt
1210 3276 1574 3348 phamas,
1628 3294 1872 3355 quarum
1916 3281 1974 3335 et
2011 3275 2082 3335 de
2120 3277 2361 3337 nomine
2410 3283 2469 3337 et
2511 3278 2583 3336 de

462 3360 709 3421 historia
755 3360 1073 3421 obscurum
1115 3362 1332 3433 est.⁷·²)
1393 3360 1623 3421 Nomen
1663 3362 1749 3421 vel
1778 3362 2244 3439 patronymicum
2273 3368 2366 3422 est
2393 3361 2480 3421 vel
2508 3361 2582 3422 ab

603 3565 686 3627 73)
722 3566 787 3617 V.
823 3567 1011 3617 Polem.
1047 3564 1190 3628 frgm.
1229 3583 1274 3632 p.
1304 3566 1418 3616 173.
1469 3567 1541 3616 De
1567 3568 1710 3630 siguo
1733 3567 1964 3631 Iunonis,
1991 3569 2120 3634 qnod
2148 3570 2358 3618 Admeta
2383 3568 2580 3619 Samum

467 3635 745 3696 transtulit,
769 3651 818 3683 v.
845 3634 1096 3684 Plutarch.
1123 3651 1199 3699 ap.
1232 3635 1412 3683 Euseb.
1444 3634 1620 3700 Prhtep
1648 3636 1738 3685 Ev.
1764 3635 1847 3697 ΙΙΙ,
1872 3637 1918 3702 8,
1943 3652 1991 3701 p.
2017 3636 2083 3686 99
2108 3638 2185 3685 ed.
2206 3636 2379 3686 Colon.

603 3703 685 3764 74)
727 3702 894 3751 ValeS.
924 3703 1072 3751 scrib.
1107 3710 1248 3765 putat
1274 3700 1588 3763 Φαεινίδες,
1624 3705 1709 3752 sed
1737 3706 1843 3753 sine
1870 3675 2047 3754 id'onea
2076 3706 2283 3753 ratione.
2336 3701 2582 3759 Φαλίὸες

463 3772 856 3851 patronymicum
902 3785 1018 3818 esse
1051 3778 1218 3850 potest
1254 3771 1375 3819 ende
1349 3786 1424 3819 em
1459 3773 1603 3819 modo
1639 3787 1734 3834 quo
1769 3770 2091 3839 Παμφίδες,
2126 3775 2378 3837 γυναῖκες
2412 3765 2580 3835 ,Ἀθή-

462 3851 588 3905 νῃσι
575 3854 630 3887 ιν
654 3835 769 3886 ἀπὸ
799 3832 1054 3904 Πάμφου
1074 3833 1138 3886 τὸ
1165 3839 1264 3902 γέι
1266 3853 1328 3893 ος
1354 3836 1600 3903 ἔχουσαι,
1630 3840 1841 3905 Hesych.
1871 3855 1911 3889 s.
1940 3856 2003 3899 v.‚
2028 3856 2055 3889 a
2077 3839 2244 3903 Pinnio,
2272 3840 2351 3888 vel
2373 3839 2415 3887 si
2437 3840 2579 3889 malis

468 3889 762 3967 Φαληῖῐῖες,
787 3921 817 3954 a
847 3905 1025 3953 Phaleo
1050 3908 1284 3968 quodamg
1324 3922 1484 3971 neque
1509 3909 1689 3957 desunt
1715 3908 1891 3956 similia
1919 3908 2140 3967 nomina,
2175 3908 2314 3957 velut
2343 3907 2576 3966 Φαλίας,

468 3968 798 4032 Φάλανθος,
836 3968 1113 4039 φάληρος.
1162 3973 1228 4021 Se
1222 3975 1262 4022 d
1294 3975 1621 4023 verisimilius
1647 3975 1917 4036 significari
1943 3984 2169 4024 ornatum
2197 3976 2577 4056 sacerdotalem,

465 4039 624 4105 qualis
659 4040 1005 4106 indicatur-ap.
1032 4041 1248 4107 Hesycb.
1273 4057 1322 4091 v.
1350 4037 1612 4111 Λόμβαι,
1638 4043 1787 4110 αἰτῇ
1817 4037 2100 4112 Ἀρτέμιδι
2123 4041 2345 4094 θυσιῶν
2367 4060 2577 4114 αρχου-
