2867 4717
382 617 430 654 11

382 2895 433 2933 12

471 445 574 497 100
1238 443 1331 496 De
1381 410 1815 509 Praxiphane

470 617 669 665 verum
702 598 876 659 etiam
909 607 973 659 ut
1001 617 1070 658 ex
1099 599 1493 678 antiquiorum
1528 597 1885 675 scriptorum
1916 597 2179 657 oratione
2206 596 2588 676 locupletiore

468 690 526 744 et
542 683 837 744 vocabulis
860 683 1348 744 reconditioribus
1368 682 1700 743 abundante
1729 700 1876 761 quae
1898 681 2071 741 etiam
2094 698 2257 741 nunc
2276 682 2590 743 attinerent

466 767 904 846 interpretando
958 775 1133 845 atque
1183 767 1466 828 imitando
1520 766 1983 845 exprimerentur
2033 765 2408 845 oratorioque
2449 767 2585 827 usui

464 852 896 912 vindicarentur
915 853 936 891 1
956 853 1042 928 ⁷),
1076 852 1346 930 quocirca
1377 851 1551 912 etiam
1581 852 1741 922 baec,
1775 869 1949 929 quam
1980 850 2319 910 Aristoteles
2352 857 2411 910 et
2437 849 2585 911 Pra-

465 937 752 1015 xiphanes
803 943 861 996 et
898 942 1030 996 ante
1068 955 1172 996 eos
1213 935 1527 1014 Sophistae
1564 936 2048 1006 exercitaverunt‚
2100 935 2471 1012 grammatica
2522 938 2586 995 in

465 1020 919 1098 interpretandis
954 1020 1242 1081 veteribus
1273 1021 1506 1080 assidua
1537 1027 1676 1093 erat,
1710 1020 1869 1098 quod
1902 1020 1974 1080 de
1996 1018 2305 1079 Aristotele
2334 1027 2588 1096 arguunt

380 1154 392 1165 .
467 1104 836 1184 quaestiones
870 1105 940 1165 de
969 1105 1143 1165 variis
1167 1105 1375 1183 poetiS‚
1406 1123 1658 1183 quorum
1690 1103 1838 1164 tituli
1870 1122 2051 1181 supra
2081 1102 2293 1163 laudati
2321 1110 2478 1174 sunt,
2512 1103 2585 1176 de

465 1189 832 1268 Praxiphane
859 1188 1166 1262 nonnulla,
1213 1188 1426 1268 quibus
1461 1190 1714 1249 rariores
1745 1195 2050 1267 poetarum
2084 1206 2258 1248 voces
2289 1187 2584 1266 explican—

464 1282 581 1347 tur,
610 1273 952 1351 fragmenta.

638 1357 806 1418 Vides
857 1358 1031 1436 igitur
1069 1357 1500 1437 Praxiphanem
1544 1356 1698 1417 inter
1734 1374 1943 1417 omnes
1986 1355 2407 1434 Peripateticos
2446 1374 2580 1417 eum

465 1445 668 1516 fuisse,
693 1443 869 1521 quiin
885 1443 1259 1520 grammatica
1277 1443 1545 1522 proxime
1563 1444 1636 1504 ad
1656 1441 1983 1503 Aristotelis
2002 1442 2233 1502 laudem
2252 1441 2577 1503 accesserit.

464 1529 731 1606 Namque
759 1527 1009 1588 habebat
1036 1529 1152 1587 hoc
1180 1528 1584 1605 antiquissima
1606 1527 2126 1605 Peripateticorum
2154 1527 2475 1606 disciplina,
2517 1533 2584 1587 ut

465 1612 875 1692 philosophiae
898 1612 1221 1672 litterarum
1255 1614 1447 1674 cultus
1479 1610 1954 1688 diligentissimus
1983 1611 2412 1689 adiungeretur,
2440 1629 2581 1689 quas

464 1717 598 1758 cum
625 1715 832 1757 omnes
859 1697 1228 1775 complexum
1246 1704 1405 1757 esset
1418 1696 1756 1757 admirabile
1769 1696 1911 1756 illud
1928 1714 2176 1775 vereque
2192 1695 2429 1755 unicum
2450 1696 2583 1755 Sta—

463 1781 663 1861 giritae
693 1782 1007 1859 ingenium,
1037 1788 1242 1859 postea
1273 1782 1446 1841 veluti
1478 1781 1787 1859 partitione
1815 1781 1963 1840 facta
1988 1781 2130 1840 alter
2160 1779 2579 1858 discipulorum

466 1868 643 1940 banc,
673 1867 814 1927 alter
841 1866 996 1926 illam
1027 1865 1390 1944 disciplinam
1421 1883 1532 1943 pro
1566 1884 1670 1925 sua
1701 1865 1916 1942 ingenii
1946 1865 2141 1925 indole
2171 1864 2409 1942 suisque
2438 1864 2584 1924 viri-

467 1950 579 2011 bus
628 1950 873 2029 eligebat
910 1956 1086 2028 atque
1125 1950 1441 2010 excolebat.
1511 1951 1594 2010 lta
1637 1949 2083 2028 Theophrastus
2122 1949 2183 2008 in
2225 1948 2580 2009 naturalibus

465 2034 717 2094 maxime
747 2034 1067 2112 disciplinis
1096 2035 1409 2113 legumque
1430 2033 1871 2112 antiquitatibus
1896 2034 2253 2108 versabatur,
2284 2033 2578 2094 Aristoxe-

466 2136 582 2179 nus
613 2118 671 2177 in
706 2117 947 2191 musica,
976 2119 1358 2179 Dicaearchus
1390 2120 1452 2178 in
1483 2119 1853 2197 geographia,
1885 2118 2195 2179 Clearchus
2228 2117 2490 2179 Solensis
2520 2117 2582 2177 in

464 2202 711 2262 historia
743 2219 996 2277 morum,
1029 2202 1122 2263 alii
1153 2203 1214 2263 in
1243 2204 1368 2264 aliis
1402 2203 1701 2263 doctrinae
1729 2203 2013 2282 partibus,
2065 2202 2458 2273 Rhetoricam,
2489 2201 2582 2262 cui

466 2286 806 2347 Aristoteles
824 2287 1257 2364 pomeridianas
1275 2287 1697 2366 discipulorum
1716 2287 2156 2348 exercitationes
2175 2287 2579 2357 destinaverat,

467 2371 679 2449 quibus
720 2370 895 2432 simul
934 2372 1308 2448 grammatica
1337 2372 1428 2433 illa
1463 2372 1715 2433 oratoria
1749 2371 2236 2443 constituebatur,
2282 2379 2420 2450 post
2455 2371 2580 2431 eius

465 2457 774 2517 decessum
805 2456 1246 2534 Theophrastus
1276 2475 1510 2518 summa
1542 2475 1673 2516 cum
1704 2456 1871 2517 laude
1899 2456 2206 2528 tractabat3
2250 2474 2424 2534 quem
2469 2472 2580 2514 no-

468 2547 589 2600 ster
619 2539 826 2600 deinde
855 2541 1070 2601 audivit
1098 2548 1271 2620 atque
1301 2548 1556 2602 sectatus
1590 2547 1704 2610 est,
1744 2541 1857 2601 nisi
1898 2542 2054 2619 quod
2087 2540 2182 2600 hic
2210 2539 2581 2616 grammatica

468 2624 569 2686 illa
610 2625 826 2698 studia,
867 2642 1013 2703 quae
1054 2624 1499 2704 Theophrastus
1541 2626 1737 2685 minus
1782 2643 2020 2686 curasse
2060 2624 2309 2696 videtur,
2349 2624 2581 2702 impen-

469 2708 624 2769 siore
654 2726 833 2787 opera
863 2708 1104 2769 colenda
1135 2709 1244 2769 sibi
1277 2710 1509 2769 sumsit.
1570 2709 1781 2769 Mansit
1807 2717 2002 2769 tamen
2031 2709 2208 2769 etiam
2240 2708 2393 2786 apud
2426 2709 2584 2768 hunc

469 2794 801 2854 coniunctio
857 2793 1262 2870 grammaticae
1312 2812 1444 2854 cum
1496 2794 1815 2865 rhetorica,
1871 2812 2017 2871 quae
2061 2792 2580 2895 Peripateticorum

468 2878 875 2978 grammaticae
907 2878 1141 2976 propria
1173 2886 1324 2949 erat,
1368 2877 1535 2938 cuius
1576 2868 1763 2956 ἔργον
1815 2884 1941 2938 erat
1978 2872 2056 2938 τὸ
2109 2871 2227 2938 τὸν
2268 2868 2584 2978 εζιιμετρον

465 2955 582 3021 καὶ
627 2954 828 3034 πεζὸν
871 2954 1067 3039 λόγον
1109 2957 1504 3036 τεχνᾶσθαι,
1565 2957 1751 3035 τέλος
1805 2958 1882 3022 δὲ
1930 2957 2009 3023 τὸ
2054 2957 2143 3044 μή
2174 2951 2584 3042 ἁμαρτάνειν

466 3039 627 3125 περὶ
676 3039 940 3118 λέξεως,
990 3051 1056 3104 ut
1093 3052 1222 3106 utar
1260 3046 1451 3106 verbis
1485 3045 1681 3107 Schol.
1712 3046 1970 3125 Dionysii
2010 3065 2068 3124 p.
2112 3045 2236 3106 659
2280 3046 2370 3106 ed.
2401 3046 2580 3105 Bekk.

466 3130 617 3189 Hinc
645 3129 896 3190 maxime
927 3129 1295 3208 discrepabat
1323 3132 1695 3207 grammatica
1722 3131 2074 3202 Stoicorum,
2105 3130 2204 3208 qui
2236 3149 2366 3191 cum
2398 3130 2584 3207 logica

466 3233 570 3274 sua
610 3232 730 3274 non
759 3214 950 3274 solum
983 3214 1271 3293 cogitandi
1304 3215 1405 3275 sed
1440 3215 1611 3275 etiam
1641 3215 1941 3293 loquendi,
1983 3215 2200 3293 quippe
2225 3210 2345 3294 quo
2380 3231 2582 3274 cerne-

369 3376 375 3381 *
464 3305 627 3359 retur
658 3297 960 3375 cogitatio,
1001 3301 1258 3360 rationes
1289 3299 1722 3378 perquirerent,
1764 3299 2112 3362 rhetoricam
2156 3307 2214 3359 et
2240 3299 2584 3376 grammati-

467 3401 593 3442 cam
623 3381 843 3459 logicae
872 3383 1258 3445 adiunxerunt
1288 3384 1795 3463 posterioremque
1825 3383 2190 3461 disciplinam
2222 3383 2301 3443 ita
2333 3383 2584 3445 maxime

465 3465 787 3537 coluerunt,
817 3474 884 3526 ut
911 3468 1204 3528 naturales
1232 3468 1571 3546 logicasque
1601 3486 1807 3529 causas
1840 3469 2017 3539 vocis,
2042 3468 2384 3540 litterarum,
2410 3486 2583 3528 voca-

464 3550 758 3622 bulorum,
789 3552 1039 3628 partium
1067 3553 1371 3626 orationis,
1402 3553 1716 3614 flexionum
1747 3552 2007 3613 nominis
2039 3560 2212 3630 atque
2239 3551 2414 3624 verbi,
2444 3570 2583 3630 par-

462 3635 767 3695 ticularum
801 3635 1049 3715 denique
1079 3645 1598 3716 persequerentur,
1643 3636 1852 3715 quibus
1897 3636 2105 3697 studiis
2146 3635 2582 3714 grammaticam

461 3720 959 3834 philosophicam,
1001 3740 1146 3799 quae
1176 3723 1329 3800 apud
1361 3722 1778 3800 Peripateticos
1809 3721 1960 3782 circa
1988 3722 2271 3781 elementa
2301 3720 2580 3781 substite-

602 3871 680 3932 17)
721 3870 824 3919 Hoc
850 3886 1002 3920 sensu
1027 3871 1194 3922 Schol.
1220 3871 1331 3920 Art.
1361 3872 1571 3937 Dionys·
1596 3888 1643 3937 p.
1668 3871 1768 3920 656
1792 3873 1940 3922 finem
1958 3873 2310 3953 grammaticae
2330 3885 2444 3919 esse
2463 3871 2584 3918 dicit

462 3934 525 3985 τὸ
552 3936 646 3986 διὰ
672 3938 770 3987 τοῦ
791 3936 1126 4004 ἑλληνισμοῦ
1149 3934 1216 3987 τὰ
1241 3933 1437 4006 ἀσαφῆ
1466 3942 1793 4007 σαφηνίσαι,
1823 3940 1904 3989 ubi
1930 3938 1997 3990 τὰ
2025 3935 2222 4007 ἀσαφῆ
2248 3945 2365 3988 sunt
2382 3937 2583 3985 obsole

463 4004 595 4053 tiora
627 4006 958 4069 antiquiorum
992 4006 1292 4070 scriptorum
1318 4006 1586 4068 vocabula,
1614 4023 1740 4073 quae
1763 4009 2143 4072 interpretando
2167 4014 2317 4070 atque
2343 4003 2579 4054 imitando

461 4071 778 4122 vindicantur
799 4074 865 4143 τῇ
890 4075 1187 4140 σαφηνείᾳ.
