2867 4717
413 2944 464 2982 17

495 448 560 499 36
1327 448 1413 498 De
1447 447 1779 499 Hellanico

493 631 639 695 quae
678 614 989 676 maximam
1031 621 1256 694 partem
1297 634 1369 675 ex
1406 616 1616 677 eodem
1657 612 1947 675 Hellanico
2001 612 2241 673 fluxisse
2300 610 2602 673 videntur:

494 697 755 781 πρῶτον
796 696 913 779 μὲν
955 696 1078 781 γὰρ
1123 695 1281 803 περὶ
1321 695 1399 761 τὸ
1445 694 1839 778 καλούμενον
1867 693 1975 759 νῦν
2016 689 2326 775 Ἀχαϊκὸν
2364 687 2604 842 Ἄρζος

496 776 758 868 ᾤκησαν
771 785 1043 863 (Pelasgi)
1069 777 1473 864 αὖτοχθονες
1490 775 1670 859 ὄντες
1693 788 1718 826 2
1734 787 1809 860 4),
1833 779 1949 866 τήν
1968 777 2041 844 δὲ
2063 773 2485 861 ἕπωνυμίανε
2572 816 2606 827 -

493 872 615 950 βον
645 861 786 931 α’πὸ
816 867 935 930 τοῦ
954 867 1300 950 Πελασγοῦ
1327 866 1672 950 βασιλέως.
1705 856 1782 951 ἦν
1806 863 1882 929 δὲ
1905 859 1941 928 ὁ
1965 862 2308 947 Πελασγὸς
2340 861 2412 928 ἐκ
2435 861 2609 940 Διὸς

492 949 611 1017 καὶ
661 951 777 1038 τῆς
820 950 1079 1038 Νιόβης
1119 952 1239 1037 τῆς
1283 948 1664 1038 Φορωνέως,
1721 940 1767 1036 ᾗ
1810 950 2039 1036 πρώτῃ
2088 947 2349 1033 γυναικὶ
2391 948 2609 1035 θνητῇ

491 1032 804 1119 μίσγεται
850 1032 886 1099 ὁ
929 1036 1097 1113 Ζεὺς
1140 1035 1274 1099 κτλ.
1349 1038 1569 1101 Deinde
1607 1045 1874 1100 narratur
1916 1038 1988 1099 de
2028 1038 2404 1116 Pelasgorum
2448 1036 2607 1098 sedi-

491 1125 604 1186 bus
636 1124 696 1185 in
728 1122 1029 1185 Thessalia
1060 1125 1247 1203 deque
1291 1124 1659 1203 dispersione
1699 1143 1934 1197 eorum,
1988 1141 2101 1202 qua
2141 1124 2234 1184 alii
2274 1123 2336 1183 in
2375 1121 2604 1183 Cretam

492 1209 661 1270 delati
694 1209 828 1281 sint,
862 1208 953 1269 alii
981 1209 1042 1270 in
1064 1209 1336 1289 Cycladas
1368 1209 1609 1283 insulaS,
1638 1209 1730 1271 alii
1753 1207 2115 1270 Hestiaeotin
2138 1214 2382 1286 propter
2405 1207 2610 1287 Olymf

491 1313 636 1373 pum
667 1300 725 1354 et
754 1293 963 1355 Ossam
992 1294 1303 1367 tenuerint,
1346 1294 1439 1355 alii
1469 1295 1530 1356 in
1560 1295 1879 1366 Boeotiam,
1922 1294 2263 1366 Phocidem,
2305 1292 2608 1353 Euboeam

491 1378 1048 1458 transmigraverint,
1093 1379 1187 1441 alii
1218 1379 1468 1459 denique
1502 1380 1565 1440 in
1594 1379 1764 1441 Asiae
1806 1397 1988 1453 oram,
2029 1378 2608 1458 quae'Hellesponto

490 1464 823 1546 propinqua
854 1471 962 1538 est,
991 1464 1321 1545 vicinasque
1350 1465 1571 1527 insulas
1604 1473 1662 1526 et
1699 1463 1955 1526 Lesbum
1996 1463 2248 1543 primam
2289 1482 2421 1524 cum
2452 1463 2610 1523 Aeo-

490 1549 640 1611 libus
672 1549 838 1611 mixti
868 1550 1155 1611 coloniam
1189 1550 1488 1625 duxerint,
1529 1550 1740 1630 quibus
1777 1548 2026 1611 narratis
2066 1550 2153 1611 sic
2190 1549 2477 1629 pergitur:
2529 1543 2609 1608 τδ

494 1628 571 1696 δὲ
627 1630 859 1696 πλεῖον
912 1627 1137 1708 αὐτοῖς
1188 1629 1384 1717 μέρος
1438 1630 1555 1697 διὰ
1619 1631 1737 1718 τῆς
1798 1626 2141 1715 μεσογείου
2195 1626 2611 1716 τραπόμενοι

492 1716 663 1800 πρὸς
704 1715 858 1792 τούς
900 1713 968 1781 ἐν
1012 1713 1308 1804 Δωδώνῃ
1351 1722 1824 1793 κατοικοῦντας
1866 1715 2056 1803 σφῶν
2083 1717 2407 1800 συγγενεῖς
2448 1714 2606 1794 κτλ..,

492 1804 841 1883 quibuscum
865 1804 1192 1866 arctissime
1222 1806 1537 1867 cohaerent
1565 1824 1711 1885 quae
1741 1806 1920 1866 modo
1945 1804 2169 1866 laudata
2201 1810 2341 1865 sunt
2368 1805 2440 1865 de
2463 1821 2609 1884 pro-

490 1890 744 1951 fectione
772 1889 832 1951 in
862 1889 1102 1952 Italiam.
1166 1890 1281 1951 Sed
1311 1890 1389 1951 ita
1428 1889 1493 1952 in
1519 1891 1861 1953 universum
1894 1889 2252 1952 adumbratis
2285 1888 2609 1968 originibus

492 1994 690 2037 earum
723 1975 1052 2054 regionum,
1085 1994 1231 2055 quae
1260 1995 1291 2036 a
1321 1976 1582 2056 Pelasgis
1605 1976 1923 2057 antiquitus
1949 1975 2369 2049 incolebantur,
2401 1975 2608 2053 singu-

492 2060 681 2122 larum
712 2060 966 2121 fabulam
997 2067 1259 2122 secutam
1289 2080 1421 2121 esse
1453 2062 1752 2141 suspicor,
1790 2061 2041 2123 maxime
2082 2060 2446 2134 Thebarum,
2485 2077 2605 2137 quo

492 2144 744 2225 pertinet
771 2144 965 2206 fabula
995 2144 1213 2219 Cadmi,
1242 2164 1294 2205 v.
1329 2146 1526 2211 Schol.
1556 2147 1744 2223 Apoll.
1770 2146 1868 2219 111,
1900 2144 2059 2206 1178
2090 2140 2248 2227 περὶ
2270 2146 2389 2227 τῆς
2417 2139 2604 2205 Koid-

489 2250 619 2309 μου
665 2221 759 2303 εἷς
792 2224 1024 2312 Θήβας
1067 2223 1438 2312 παρουσίας
1479 2266 1565 2274 -
1599 2224 1761 2291 ‘Em
1808 2225 1876 2292 ἐν
1922 2224 1980 2291 α’
2028 2221 2409 2312 Φορωνίδος
2451 2224 2606 2303 κτλ.,

494 2333 608 2394 quo
641 2313 961 2376 ducebatur
990 2316 1172 2394 stirpe
1203 2315 1507 2392 Agenoris,
1553 2317 1650 2395 qui
1682 2322 1803 2376 erat
1832 2315 2128 2377 Phoronei
2168 2333 2371 2395 nepoS.
2446 2314 2607 2375 Adde

494 2399 687 2460 Schol.
711 2399 773 2459 ll.
799 2399 859 2479 β,
890 2398 1034 2472 494,
1064 2400 1165 2460 ubi
1191 2401 1493 2461 exhibetur
1516 2391 1555 2502 ἦ
1581 2394 1799 2474 κτίσις
1819 2401 2172 2475 Thebarum,
2197 2400 2393 2461 addito
2421 2390 2607 2478 ἱστο-

491 2484 592 2565 ρεῖ
626 2475 789 2545 Ἑλλ.
837 2478 905 2545 ἐν
948 2485 1392 2559 Βοιωτιακοῖς
1432 2506 1549 2547 και
1594 2478 2104 2566 Ἀπολλόδωρος
2146 2479 2215 2546 ἒν
2241 2480 2338 2567 τῷ
2382 2478 2434 2563 γ’
2483 2483 2602 2561 (ΠΙ,

490 2571 550 2642 4,
584 2568 676 2643 2),
720 2567 818 2629 uhi
863 2565 1252 2630 Βοιωτιακὰ
1294 2569 1404 2631 dici
1448 2578 1587 2649 puta
1626 2578 1850 2650 partem
1895 2569 2272 2631 Phoronidis.
2344 2569 2609 2647 Denique

491 2654 699 2714 eodem
729 2653 995 2714 retuleris
1028 2653 1222 2716 Schol.
1254 2656 1377 2716 Vat.
1409 2655 1612 2734 Eurip.
1644 2655 1816 2716 Rhes,
1850 2654 1929 2716 28
1963 2647 2000 2715 ὃ
2026 2648 2100 2716 δὲ
2134 2647 2446 2727 (Ησίοδος
2472 2645 2609 2713 Εὖ-

489 2731 720 2823 ριόπης
761 2732 883 2819 μέν
925 2755 1132 2821 φησιν
1176 2731 1375 2800 αὐτὸν
1414 2736 1554 2819 (τὸν
1581 2733 2033 2823 Σαρπηδόνα),
2082 2729 2172 2812 ὥς
2207 2730 2605 2814 Ἑλλάνικος,

490 2842 844 2903 quamquam
878 2823 1073 2885 malim
1109 2824 1360 2903 cogitare
1390 2826 1462 2885 de
1490 2825 1786 2886 Hellanico
1819 2823 2186 2885 Chorizonte.

664 2908 901 2969 Librum
933 2907 1172 2969 alterum
1207 2909 1346 2969 citat
1373 2910 1583 2971 Athen.
1614 2911 1692 2971 IX
1724 2930 1779 2989 p.
1813 2910 1936 2970 410
1967 2910 2013 2969 F
2038 2911 2063 2949 2
2081 2909 2138 2985 ⁵)
2183 2907 2255 2968 de
2286 2908 2492 2969 Archia
2532 2907 2605 2968 ab

491 2991 736 3054 Hercule
759 2999 984 3064 necato,
1014 2999 1082 3053 ut
1111 3000 1302 3072 pateat
1331 2994 1403 3054 de
1431 2995 1611 3055 rebus
1641 2994 1713 3055 ab
1741 2993 1985 3055 Hercule
2014 2993 2191 3071 gestis
2221 2993 2282 3053 in
2312 2993 2429 3053 hoc
2455 2993 2603 3053 libro

493 3085 686 3138 actum
718 3096 868 3139 esse.
942 3077 1166 3137 Eodem
1210 3085 1480 3156 spectant
1518 3097 1664 3157 quae
1704 3079 1952 3139 servavit
1983 3078 2180 3139 Schol.
2213 3077 2355 3138 Plat.
2387 3077 2604 3140 Phaed.

489 3182 548 3242 p.
576 3162 676 3235 69,
715 3164 790 3223 14
832 3161 1008 3223 Bekk.
1041 3163 1111 3223 de
1143 3163 1322 3241 hydra
1345 3163 1621 3236 Lernaea,
1653 3163 1849 3225 Schol.
1874 3165 1982 3243 Ap.
2008 3163 2082 3236 ΙΙ,
2123 3165 2283 3224 1054
2310 3164 2382 3224 de
2406 3164 2607 3242 Stym-

490 3246 849 3326 phalidihus,
893 3247 1088 3308 Schol.
1129 3247 1295 3309 Pind.
1340 3248 1506 3309 Nem.
1549 3249 1642 3323 ΙΙΙ,
1687 3249 1766 3309 64
1809 3248 1880 3309 de
1920 3248 2286 3327 expeditione
2327 3248 2607 3309 adversus

491 3334 844 3405 Amazonas,
876 3331 1111 3412 Dionys.
1140 3334 1206 3393 A.
1238 3333 1304 3394 R.
1337 3333 1391 3406 Ι,
1425 3334 1504 3394 35
1551 3335 1621 3395 de
1666 3333 1860 3394 bobus
1895 3333 2179 3412 Geryonis
2221 3332 2409 3411 deque
2449 3332 2607 3393 Italia

490 3415 561 3477 ab
593 3416 834 3477 Hercule
864 3417 921 3477 in
952 3418 1355 3497 persecutione
1386 3418 1543 3480 vituli
1576 3418 1898 3491 cuiusdam,
1933 3419 2029 3497 qui
2060 3418 2133 3478 de
2164 3435 2335 3496 grege
2365 3417 2606 3479 aberra-

489 3509 665 3573 verat,
694 3502 992 3580 appellata,
1025 3502 1097 3562 cf.
1122 3502 1388 3581 Apollod.
1419 3502 1492 3577 ΙΙ,
1517 3506 1574 3575 5,
1615 3504 1707 3565 10.
1759 3504 2021 3583 Denique
2043 3502 2188 3563 adde
2211 3502 2405 3563 Schol.
2430 3502 2605 3563 Pind.

492 3586 580 3648 Ol.
614 3586 711 3658 ΙΙΙ,
751 3587 832 3647 22
876 3586 946 3647 de
988 3586 1492 3649 Hellanodicarum
1523 3606 1770 3649 numero
1802 3589 2026 3667 primo,
2068 3588 2223 3666 quod
2255 3594 2484 3668 spectat
2510 3588 2602 3648 in-

490 3672 855 3734 stitutionem
884 3671 1212 3733 certaminis
1245 3672 1562 3753 Olympici,
1609 3679 1667 3734 et
1696 3673 1892 3736 Schol.
1924 3678 2033 3753 Ap.
2064 3673 2108 3745 Ι,
2161 3672 2274 3733 131
2321 3672 2392 3734 de
2424 3690 2606 3751 expe-

511 3906 516 3911 ’
628 3910 712 3972 24)
755 3908 998 3979 Harpocr.
1040 3926 1089 3961 v.
1133 3905 1476 3976 αὐτόχθονες
1503 3909 1563 3960 οἱ
1596 3906 1902 3975 Ἀθηναῖοι.
1935 3937 2002 3948 -
2034 3905 2379 3977 αὐτόχθονες
2412 3908 2473 3962 δὲ
2509 3911 2603 3962 καὶ

496 3969 755 4047 Ἀρκάδες
775 3977 935 4042 ἦσαν,
962 3971 1035 4034 ὡς
1052 3974 1368 4034 Ἑλλάνικός
1391 3993 1550 4045 φησι,
1575 3980 1667 4029 καὶ
1690 3979 1994 4045 Αἰγινῆται
2017 3978 2108 4028 καὶ
2139 3981 2391 4043 Θηβαῖοι.

628 4044 712 4109 25)
750 4045 840 4097 Ubi
873 4063 963 4114 pro
991 4041 1127 4097 Ἑλλ.
1152 4044 1213 4097 ἐν
1235 4049 1355 4103 ταῖς
1391 4047 1666 4113 ἱστορίαις
1698 4048 2011 4098 scribendum
2042 4047 2247 4098 videtur
2277 4045 2339 4099 ἐν
2371 4048 2492 4102 ταῖς
2525 4045 2604 4098 ἱε-

492 4115 682 4185 ρείαις.
730 4113 978 4165 Historias
1002 4132 1096 4164 non
1124 4115 1327 4182 scripsit
1347 4115 1653 4179 Hellanicus,
1678 4131 1728 4165 v.
1755 4115 1908 4164 Sturz
1932 4130 1977 4181 p.
2004 4114 2086 4165 28.
