2867 4717
491 417 561 472 90
1060 414 1522 483 quaestiones
1568 413 1648 468 de
1696 413 2002 470 historia

484 573 683 635 ferunt
712 570 1066 650 antiquitatis
1095 569 1507 650 ignorantiam.
1559 570 1749 632 Pauca
1779 569 1972 631 sciunt
1999 576 2225 649 praeter
2251 570 2474 632 litteras
2504 589 2604 633 sa-

489 676 643 730 craS,
686 656 839 717 unde
867 656 1210 736 Dionysium
1252 661 1716 716 commentantes
1759 654 1939 716 miras
1968 653 2259 716 interdum
2290 655 2607 734 proferunt

409 764 459 805 π
485 760 601 812 res,
632 741 789 802 velut
814 742 947 812 hoc,
980 733 1264 823 ποιηταὶ
1292 732 1725 822 μὲνὍμηρος,
1770 730 2270 843 Ἀριστοφάνης,
2322 733 2495 801 Θεόκ
2541 759 2603 800 ι-

482 845 615 900 τος,
664 816 1039 904 Ἀλκμαῖος,
1068 818 1424 904 Πίνδαρος,
1450 816 1783 900 ίΗσίοδος,
1804 814 2198 907 Ἰσοκράτης,
2229 815 2486 906 Εὐριπί
2569 844 2605 898 ς

490 902 916 1012 Θουκυδίδης,
942 900 1329 991 Φωκυλίδης
1352 903 1470 968 καὶ
1492 900 1555 970 οἶ
1576 904 1809 971 λοιποὶ
1830 901 2076 982 πάντες
2097 902 2410 991 ποιηταί·
2445 925 2603 989 συγ-

485 994 756 1097 γραφεῖς
778 990 854 1056 δε
878 985 943 1056 οἱ
962 989 1048 1055 τοὶ
1068 986 1316 1055 τούτων
1337 985 1685 1075 ποιήματα
1706 987 2242 1094 συγγραψάμενοι
2259 1011 2273 1025 ·
2311 987 2604 1073 λέγωμεν

484 1077 559 1140 δε
609 1072 999 1160 τρανότερον
1047 1072 1207 1159 περὶ
1259 1073 1559 1180 ποιητῶν
1606 1097 1681 1139 τε
1732 1098 1846 1139 και
1890 1071 2345 1162 συγγραφέων·
2399 1096 2523 1139 ποι
2566 1113 2601 1124 -

481 1158 599 1246 της
647 1158 767 1243 μὲν
822 1153 859 1224 ὁ
912 1156 1142 1242 κύριος
1184 1151 1370 1245 ἡμῶν
1419 1158 1657 1257 Ιησοῦς
1698 1156 2019 1242 Χριστός,
2076 1161 2472 1246 συγγραφεῖς
2566 1158 2636 1223 ἐν

481 1247 867 1322 Masatos,
911 1240 1215 1326 Μάρκος,
1258 1247 1564 1322 Λουκας,
1604 1238 1918 1329 Ἰωάννης.
1988 1240 2337 1330 ποιήματα
2380 1240 2455 1308 δὲ
2481 1242 2603 1308 τοῦ

478 1325 599 1411 μὲν
643 1324 924 1416 Ὁμήρου
979 1323 1019 1415 ἡ
1069 1321 1271 1404 Ἰλιὰς
1312 1326 1428 1391 καὶ
1472 1324 1513 1427 ἡ
1555 1323 1936 1407 Ὀδύσσεια,
1993 1324 2468 1414 συγγράμματα
2522 1325 2600 1391 δὲ

478 1413 563 1477 τά
619 1407 785 1477 αὐτὰ
837 1408 1160 1478 νοείσθω·
1225 1408 1370 1476 ἐστὶ
1437 1410 1510 1477 δε
1573 1411 1688 1477 τοῦ
1737 1408 1963 1497 κυρίου
2016 1408 2199 1518 ημῶν
2249 1409 2600 1498 ποιήματα

476 1495 599 1578 μὲν
642 1492 845 1581 ὁρατὰ
885 1494 1004 1562 καὶ
1044 1496 1129 1561 τὰ
1173 1491 1426 1579 ἀόρατα
1470 1492 1802 1580 κτίσματα
1844 1494 1961 1561 καὶ
2005 1520 2044 1582 η
2090 1496 2351 1561 παλαιοὶ
2393 1493 2509 1561 καὶ
2550 1489 2595 1583 ἦ·

476 1577 592 1647 νέα
657 1579 986 1667 διαθήκη,
1059 1578 1098 1668 ἦ
1168 1584 1616 1668 συγγραφεῖσα
1676 1577 1813 1646 ὑπὸ
1880 1577 2230 1657 Μωύσεως
2291 1578 2409 1646 καὶ
2470 1580 2600 1645 τῶν

477 1665 841 1753 προφητῶν
890 1663 1008 1741 καὶ
1050 1665 1179 1730 τῶν
1223 1660 1725 1749 εὐαγγελιστῶν;
1779 1687 2030 1747 quorum
2071 1678 2295 1749 partem
2336 1668 2597 1749 priorem

478 1754 636 1814 dedit
673 1755 970 1815 Bekkerus
1009 1773 1067 1833 p.
1115 1753 1296 1815 1162.
1371 1753 1596 1815 Similia
1650 1754 2116 1815 comminiscitur
2155 1755 2226 1815 de
2266 1754 2592 1825 comoedia,

476 1857 527 1899 v.
567 1838 748 1899 Bekk.
789 1858 847 1918 p.
894 1838 1055 1899 1166
1099 1839 1170 1900 ad
1213 1837 1354 1911 749,
1395 1838 1497 1898 24.
1564 1838 1633 1898 In
1689 1839 2067 1917 sequentibus
2106 1839 2379 1916 leguntur
2421 1839 2594 1899 haec:

475 1919 824 2006 ποιητικοί
865 1916 1110 2004 τρόποι
1154 1914 1323 1984 εἰσὶν
1365 1916 1479 1996 κζ’.
1526 1915 1706 2005 ζήτει
1753 1913 1987 1996 αὐτοὺς
2028 1917 2097 1984 ἐν
2122 1919 2221 2005 τῷ
2251 1915 2410 2003 περὶ
2438 1914 2595 2002 τρό-

477 2025 625 2067 πων
652 2003 1147 2087 Χοιροβοσκοῢε
1195 2007 1407 2069 deinde
1438 2008 1607 2068 haec:
1639 2001 1902 2088 γλῶσσά
1946 2002 2127 2070 ἐστιν
2155 2000 2409 2087 ἰδίωμα
2439 2004 2595 2068 δια-

476 2085 735 2168 λέκτου,
784 2084 1128 2153 διάλεκτοι
1175 2086 1252 2152 δέ
1295 2083 1468 2153 εἰσιν
1510 2083 1845 2174 ἑλληνικαὶ
1887 2085 2106 2169 πέντε,
2150 2083 2292 2166 Ἰάς,
2337 2083 2593 2167 Ἀτθίς,

476 2169 719 2258 Δωρίς,
762 2166 1035 2251 Αἰολίς,
1078 2168 1285 2258 κοινή.
1349 2166 1482 2248 Ἰὰς
1523 2170 1643 2254 μὲν
1686 2167 1939 2261 ἐκλήθη
1970 2168 2009 2260 ἦ
2041 2172 2171 2237 τῶν
2194 2168 2424 2238 Ἰώνων
2450 2167 2594 2236 α’πδ

474 2248 703 2332 ’Ἰωνος
753 2256 871 2321 τοῦ
923 2252 1341 2332 Ἀπόλλωνος
1391 2255 1510 2320 καὶ
1561 2254 1897 2364 Κρέουσης
1945 2258 2063 2344 τῆς
2113 2255 2187 2337 ἐξ
2227 2253 2593 2341 Ἐρέχθεως

475 2337 825 2424 θυγατρός,
870 2328 913 2428 ἦ
955 2336 1233 2428 ἔγραφεν
1259 2337 1576 2427 Ὅμηρος·
1623 2341 1862 2420 Ατθὶς
1907 2339 1981 2407 δὲ
2025 2336 2226 2429 ἡτῶν
2255 2336 2591 2420 Ἀττικῶν,

478 2419 619 2490 ἀπὸ
649 2406 973 2502 Ἀτθίδος
1005 2431 1124 2512 τῆς
1154 2423 1466 2508 Κρανείου
1506 2425 1858 2533 θυγατρός,
1892 2414 1938 2514 ᾗ
1969 2421 2256 2532 ἔγραψεν
2288 2421 2594 2515 Ἀριστο-

475 2507 712 2597 φάνης·
757 2508 984 2598 Λωρίς
1027 2508 1102 2575 δὲ
1143 2505 1182 2594 ἦ
1210 2508 1341 2574 τῶν
1370 2508 1689 2595 Δωριέων
1719 2510 1860 2577 απὸ
1891 2515 2132 2616 Δωρου
2161 2512 2279 2577 τοῦ
2291 2506 2594 2596 Ἕλληνος

474 2591 746 2673 παιδός,
770 2585 814 2680 f
837 2589 1092 2679 ἔγραψε
1117 2591 1489 2678 Θεόκριτος.
1535 2590 1791 2673 Αἰολὶς
1814 2593 1890 2662 δὲ
1916 2590 2057 2660 ἄπο
2078 2591 2593 2681 ΑἶόλουἽῖλλη-
2700 2632 2705 2636 -

472 2701 582 2757 νος
632 2700 763 2743 παι
813 2677 905 2758 ός,
952 2670 998 2786 ᾗ
1030 2674 1313 2766 ἔγραφεν
1345 2673 1720 2762 Ἀλκμαίων
1751 2684 1917 2760 (sic):
1952 2679 2136 2766 κοινή
2169 2677 2245 2745 δὲ
2273 2670 2317 2767 ᾗ
2347 2676 2594 2757 πάντες

469 2761 815 2847 χρώμεθα,
863 2786 1068 2852 ταυτῃ
1098 2759 1354 2850 ἔγραψε
1379 2761 1734 2848 Πίνδαρος.
1807 2768 1872 2828 In
1904 2768 2281 2846 sequentibus
2313 2776 2452 2830 sunt
2476 2769 2589 2841 illa,

474 2869 619 2929 quae
643 2853 937 2929 excerpsit
955 2852 1255 2913 Bekkerus
1276 2872 1332 2931 p.
1361 2852 1544 2924 1165,
1563 2852 1663 2913 ubi
1683 2853 1911 2913 criticae
1932 2853 2232 2914 cuiusdam
2254 2871 2451 2914 sacrae
2469 2853 2590 2913 ele-

471 2942 668 2996 menta
691 2936 1021 3008 traduntur,
1041 2930 1260 3018 κρίσις
1289 2929 1687 3018 ποιημάτων
1706 2931 1826 3015 μὲν
1845 2929 1884 3019 ἦ
1905 2929 2182 3038 άκριβης
2203 2934 2440 3018 γνῶσις
2459 2933 2590 2998 τῶν

468 3012 866 3102 ποιημάτων
896 3014 1183 3100 λέγεται·
1214 3013 1417 3103 ταύτῃ
1452 3017 1534 3104 τῇ
1564 3012 1980 3106 η’κριβωμένῃ
2006 3039 2242 3100 γνωσει
2261 3014 2592 3104 χρώμενος

473 3094 510 3165 o‘
536 3100 986 3208 γραμματικὸς
1010 3101 1115 3164 δεῖ
1136 3096 1480 3183 γινώσκειν
1495 3099 1580 3164 τὰ
1596 3097 1831 3184 βιβλία
1848 3103 1967 3189 τῆς
1984 3100 2137 3168 ἓκκλ
2181 3099 2334 3179 σίας
2350 3102 2587 3179 πάντα,

469 3204 768 3249 τουτεστι
809 3184 927 3270 τήν
970 3183 1268 3249 παλαιὰν
1293 3181 1410 3248 καὶ
1438 3184 1588 3250 νέαν
1619 3185 1974 3274 διαθήκην,
2006 3186 2117 3251 ἵνα
2178 3185 2309 3251 ’ταν
2338 3183 2585 3275 ἀκούσῃ

469 3267 690 3355 φωνήν
733 3266 914 3356 ξένην
954 3266 1071 3333 καὶ
1116 3266 1506 3353 σύγγραμμα
1549 3262 1595 3356 ἢ
1638 3266 1902 3357 ποίημα
1945 3269 2213 3357 ψευδές,
2257 3272 2347 3358 μή
2393 3270 2586 3359 δέξη-

468 3375 583 3416 ται
649 3348 818 3418 αὐτό·
865 3350 955 3430 ώς
1009 3347 1358 3439 ἀληθινόν,
1427 3351 1667 3441 ἐπειδὴ
1734 3350 1915 3420 ἔστιν
1979 3351 2353 3440 εὐαγγέλιον
2415 3356 2584 3420 κατὰ

474 3438 719 3518 Θωμᾶν
749 3435 1105 3521 λεγόμενον.
1152 3442 1370 3502 Deinde
1402 3443 1668 3503 meminit
1695 3445 2111 3524 apocalypseos
2140 3445 2200 3505 S.
2228 3444 2406 3518 Pauli,
2436 3463 2582 3523 quae

467 3541 593 3585 non
636 3525 712 3585 sit
749 3525 1029 3603 apostoli,
1069 3526 1173 3587 sed
1212 3527 1336 3587 eius
1376 3527 1676 3599 haeretici,
1718 3528 1875 3588 unde
1915 3528 2384 3590 Paulicianorum
2428 3537 2584 3589 secta

470 3617 596 3669 orta
636 3611 736 3682 sit,
789 3611 1044 3690 itemque
1086 3611 1509 3690 apocalypseos
1551 3612 1893 3691 suppositae
1935 3614 1994 3674 S.
2034 3614 2294 3674 Ioannis·
2363 3613 2583 3674 Deinde

468 3695 683 3773 pergit:
728 3692 829 3756 δεῖ
884 3692 960 3756 δὲ
1010 3691 1123 3757 τὸν
1177 3692 1629 3778 γραμματικὸν
1679 3691 1797 3758 καὶ
1838 3693 1922 3757 τοὶ
1959 3689 2304 3780 Ἑλληνικὰ
2345 3689 2583 3778 βιβλία

468 3773 835 3858 γινώσκειν·
894 3772 1026 3841 εἶσὶ
1072 3776 1194 3882 γὰρ
1239 3775 1352 3842 καὶ
1397 3775 1467 3842 ἓν
1511 3772 1735 3855 αὐτοῖς
1780 3774 2092 3861 ὁμώνυμα
2135 3774 2370 3863 βιβλία
2412 3790 2583 3861 ψευ-

388 3879 441 3919 28
470 3859 579 3946 δῆ,
639 3851 778 3925 οἷον
828 3855 869 3947 ἦ
918 3855 1129 3938 α’σπις
1183 3858 1487 3926 Ησιόδου
1542 3861 1658 3926 καὶ
1709 3861 1794 3926 τοὶ
1855 3863 2157 3950 Θηριακά
2202 3861 2579 3947 Νικάνδρου

466 3944 601 4008 κτλ.
669 3949 830 4022 Quae
872 3948 920 4008 si
962 3967 1081 4008 non
1123 3949 1357 4010 indocte
1387 3950 1675 4029 disputata
1707 3959 1864 4025 sunt,
1899 3953 2045 4013 scito
2079 3953 2250 4013 etiam
2284 3951 2577 4030 mytholo-

467 4031 591 4108 giae
628 4042 901 4094 nostrum
938 4033 1093 4095 haud
1133 4041 1429 4112 expertem
1470 4054 1624 4095 esse:
1667 4029 1827 4117 περὶ
1878 4030 1998 4115 μὲν
2047 4037 2168 4099 τοῦ
2211 4028 2581 4117 Μεγαπέν-
