2867 4717
968 414 1053 468 De
1089 415 1388 483 Aeschyli
1424 416 1656 468 Persis.
2341 422 2372 471 5

251 584 495 649 materia
524 582 778 662 insignis
812 588 951 660 erat,
986 583 1298 662 splendore
1327 589 1386 645 et
1413 582 1763 646 sublimitate
1792 601 1952 647 nunc
1978 585 2062 648 nil
2088 586 2205 649 nisi
2232 587 2376 650 nudi

252 671 549 743 mortaleS‚
580 668 923 748 quotidiano
956 669 1236 748 adspectu
1277 676 1336 731 et
1371 668 1640 731 familiari
1680 671 2103 733 consuetudine
2131 673 2275 747 noti,
2311 673 2372 735 in

254 775 488 817 scenam
522 754 891 835 producendi
920 761 1109 829 erant3
1140 761 1198 816 et
1221 774 1330 834 pro
1363 755 1765 834 portentuosis
1795 756 1907 817 illis
1938 762 1995 817 et
2025 776 2174 836 quae
2196 776 2375 838 super

251 841 657 921 quotidianam
690 839 867 900 vitam
895 839 1069 918 longe
1109 840 1464 900 excedebant
1501 840 1934 902 conditionibus
1971 859 2129 904 nunc
2149 843 2233 903 nil
2261 843 2375 905 nisi

249 927 386 988 talia
418 925 746 986 exhibenda
769 932 953 998 erant,
979 943 1125 1004 quae
1147 924 1311 987 tritas
1335 924 1460 986 illas
1487 925 1821 1005 solitasque,
1846 926 2057 1005 quibus
2080 946 2176 989 res
2201 928 2374 1006 vulgo

251 1012 343 1091 agi
374 1011 586 1084 solent,
625 1010 782 1089 leges
815 1008 958 1069 adeo
991 1027 1129 1088 prae
1159 1029 1224 1071 se
1250 1011 1490 1082 ferrent,
1530 1016 1596 1071 ut
1632 1010 1673 1071 ii
1712 1012 1812 1090 qui
1849 1012 2207 1091 spectabant,
2248 1032 2314 1075 ea
2344 1031 2375 1074 a

252 1103 446 1158 semet
474 1096 623 1174 ipsis
654 1113 844 1173 nuper
883 1102 1047 1173 gesta
1087 1114 1218 1156 esse
1271 1095 1507 1157 scirent.
1582 1095 1892 1157 Summum
1939 1097 2188 1176 denique
2222 1104 2280 1158 et
2315 1097 2376 1158 in

252 1200 374 1262 quo
407 1198 642 1241 summa
688 1178 861 1240 simul
900 1198 1124 1254 eorum,
1163 1180 1261 1259 qui
1306 1180 1437 1241 talia
1479 1180 1652 1259 primi
1684 1181 1744 1242 in
1773 1182 2130 1260 tragoediam
2161 1182 2375 1244 inferre

255 1265 452 1328 conati
485 1272 643 1338 sunt,
665 1272 723 1325 et
753 1264 992 1326 audacia
1023 1271 1080 1326 et
1109 1283 1205 1326 ars
1237 1266 1395 1326 cerni
1426 1272 1643 1345 potest,
1688 1266 1744 1327 id
1777 1266 1921 1327 nihil
1945 1267 2094 1328 aliud
2120 1274 2229 1340 est,
2259 1268 2376 1329 nisi

254 1352 313 1413 id
334 1398 350 1424 ,
396 1351 559 1430 quod
591 1350 661 1411 ab
695 1349 856 1410 omni
885 1355 1153 1429 tempore
1181 1350 1273 1424 iis,
1318 1350 1416 1430 qui
1448 1350 1676 1430 publice
1705 1352 1843 1430 quid
1885 1352 2186 1413 instituere
2214 1353 2374 1414 vole-

253 1437 414 1507 bant,
448 1436 699 1496 maxime
743 1434 991 1496 arduum
1032 1435 1370 1509 habebatur,
1415 1444 1474 1497 et
1515 1455 1698 1514 paene
1739 1436 1895 1516 quod
1936 1437 2087 1498 effici
2130 1438 2372 1498 omnino

253 1521 540 1600 nequiret.
620 1520 850 1581 Etenim
894 1538 1028 1581 cum
1069 1528 1252 1582 certas
1295 1520 1420 1581 illas
1462 1521 1618 1581 ideas
1662 1522 1907 1600 tragicas
1948 1522 2218 1602 mythicis
2262 1523 2371 1583 illis
2402 1542 2454 1581 10

254 1605 549 1687 personiS‚
578 1604 937 1678 notionibuS‚
982 1605 1312 1667 actionibus
1352 1606 1428 1666 ita
1460 1605 1765 1668 adstrictas
1794 1607 1976 1668 fuisse
2015 1607 2279 1681 dixerim,
2311 1615 2377 1668 ut

255 1692 326 1753 iis
357 1698 637 1770 tanquam
672 1690 888 1750 sanctis
920 1689 1266 1769 quibusdam
1301 1691 1581 1770 symbolis
1613 1691 1845 1770 publico
1877 1711 1990 1753 usu
2023 1700 2080 1752 et
2108 1692 2374 1754 instituto

253 1777 507 1856 receptis
541 1782 944 1836 cernerentur:
977 1782 1221 1855 apparet
1249 1775 1319 1837 iis
1351 1776 1509 1848 viriS,
1552 1777 1604 1836 si
1635 1777 1863 1855 quidem
1898 1776 2107 1856 aliquid
2139 1778 2210 1838 ad
2244 1796 2375 1837 om-

255 1880 393 1924 nem
429 1860 762 1922 communis
791 1860 940 1921 vitae
969 1860 1336 1940 disciplinam
1365 1860 1577 1921 talibus
1607 1862 1926 1939 tragoediis
1957 1863 2187 1922 efficere
2216 1862 2376 1923 vole-

254 1947 416 2020 bant,
448 1947 688 2007 easdem
734 1945 891 2005 ideas
931 1944 1091 2006 hisce
1128 1945 1307 2006 rebus
1337 1945 1636 2006 historicis
1678 1964 1742 2006 ea
1775 1965 1907 2006 cum
1937 1945 2148 2007 virtute
2179 1947 2373 2025 expri-

255 2031 504 2093 mendas
532 2030 735 2103 fuisse,
773 2036 833 2091 ut
863 2049 983 2104 eae,
1016 2029 1211 2090 sinon
1235 2030 1380 2108 pari,
1412 2038 1607 2091 tamen
1632 2030 1922 2092 consimili
1947 2031 2194 2110 quadam
2228 2031 2375 2091 emi-

253 2116 455 2178 nentia
486 2122 544 2177 et
572 2115 985 2195 perspicuitate
1015 2115 1188 2176 etiam
1219 2115 1280 2176 in
1310 2116 1420 2175 hac
1460 2115 1696 2177 materia
1734 2115 1890 2177 cerni
1930 2122 2196 2196 possent.
2255 2117 2376 2195 Igi-

254 2211 350 2264 tur
378 2219 505 2263 non
536 2200 718 2261 modo
748 2199 915 2279 ipsos
947 2218 1016 2260 eo
1060 2199 1379 2279 sapientiae
1407 2200 1729 2280 profecisse
1770 2200 2093 2280 oportebat,
2130 2207 2198 2262 u-t
2238 2201 2377 2280 quid

255 2286 593 2367 symbolum
623 2285 845 2363 etquid
876 2286 1160 2359 internuS,
1201 2286 1299 2364 qui
1328 2286 1423 2346 illo
1466 2286 1903 2364 exprimeretur,
1946 2304 2157 2347 sensus
2200 2294 2375 2358 esset,

255 2372 592 2452 disjungere
615 2370 859 2443 scirent3
883 2388 1084 2431 verum
1108 2378 1227 2431 tam
1253 2370 1572 2433 luculenter
1588 2370 1762 2432 etiam
1787 2378 1972 2432 ettam
1991 2370 2297 2432 manifeste
2316 2370 2374 2432 id

258 2459 588 2537 exprimere
609 2455 817 2516 fabulis
842 2456 966 2516 suis
990 2455 1308 2529 historicis,
1334 2463 1398 2516 ut
1420 2456 1575 2516 idem
1600 2462 1958 2535 spectatores
1975 2456 2146 2517 etiam
2166 2456 2376 2517 edoce-

254 2548 476 2603 rentur.
510 2542 640 2602 Jam
657 2559 794 2601 vero
817 2539 965 2611 vide,
991 2539 1225 2618 quantis
1247 2540 1376 2601 illos
1400 2540 1558 2602 viros
1581 2539 1845 2601 laudibus
1860 2542 2246 2602 cumulandos
2266 2558 2377 2618 pu-

255 2635 471 2700 temuS,
515 2626 614 2704 qui
645 2632 765 2685 tam
789 2624 1087 2704 praeclare
1125 2644 1208 2698 ea,
1256 2643 1403 2704 quae
1425 2626 1746 2686 multorum
1772 2625 2078 2687 hominum
2104 2625 2376 2686 erudien-

257 2712 470 2773 dorum
505 2728 736 2771 summa
760 2717 868 2784 est,
897 2710 1295 2786 fungerentur,
1327 2717 1395 2772 ut
1416 2710 1543 2771 vivo
1569 2711 1823 2788 quodam
1850 2717 1907 2770 et
1929 2729 2061 2770 vere
2083 2709 2379 2789 praesenti

256 2798 417 2877 myth
425 2814 598 2857 orum
621 2795 911 2857 intellectu
927 2801 1282 2874 spectatores
1299 2794 1647 2866 imbuerent,
1662 2812 1883 2872 eosque
1901 2793 2076 2854 simul
2092 2812 2161 2854 eo
2179 2812 2378 2854 rerum

260 2881 524 2943 omnium
558 2880 852 2958 sapienter
880 2879 1326 2959 judicandarum
1364 2878 1641 2940 scientiae
1678 2879 2008 2953 eveherent,
2044 2886 2110 2939 ut
2145 2879 2377 2939 easdem

262 3043 397 3114 ὅλην
432 3048 528 3098 καὶ
561 3048 779 3100 τελείαν
814 3044 1057 3114 ἔχουσαν
1091 3041 1273 3116 ἀρχὴν
1309 3046 1401 3098 καὶ
1434 3047 1616 3115 μέσον
1650 3047 1742 3098 καὶ
1775 3045 1933 3102 τέλος
1974 3047 2101 3112 apud
2136 3045 2377 3097 Nostrum

261 3133 354 3167 non
381 3117 530 3166 nimis
555 3117 704 3165 anxie
732 3116 1061 3181 quaerendam
1088 3131 1220 3165 esse.
1271 3116 1503 3166 Ceterum
1538 3114 1704 3179 juvat,
1739 3115 1968 3181 quoniam
1992 3115 2141 3163 alium
2167 3115 2281 3164 huic
2303 3116 2379 3164 rei

261 3201 355 3235 non
382 3185 554 3234 datum
580 3199 694 3233 esse
720 3185 881 3234 locum
909 3183 1071 3247 video,
1098 3184 1188 3233 hac
1208 3185 1314 3250 ipsa
1341 3184 1602 3233 occasione
1623 3198 1779 3248 pauca
1805 3184 1864 3231 de
1889 3183 1950 3231 iis
1971 3181 2249 3232 rationibus
2270 3197 2379 3231 mo-

263 3268 402 3334 nere,
429 3252 608 3318 quihus
631 3252 842 3301 maxime
865 3266 988 3331 usus
1010 3252 1290 3331 Aeschylus
1306 3251 1431 3331 ‘illas
1456 3249 1779 3330 difficultates
1799 3249 2081 3329 sustulerit.
2129 3247 2303 3328 Ianua
2324 3264 2378 3298 re

261 3326 822 3452 Effssiffmissss‘ftffss‘?
832 3320 1175 3452 :5533ss
1185 3335 1246 3436 5¹1¹
1254 3325 1608 3451 Ὓῗὲᾚὲξᾶ
1638 3317 2380 3451 {isshsssffissssiff'igssirii

261 3457 363 3506 Abs
389 3471 488 3521 quo
515 3455 584 3505 ita
609 3455 903 3505 discessisse
926 3454 1167 3505 Nostrum
1192 3456 1452 3518 ingeniose
1476 3460 1645 3502 mouet
1677 3453 1845 3502 Herm.
1879 3460 1948 3517 ut,
1985 3468 2133 3519 quum
2168 3452 2383 3518 Phryni-

263 3525 381 3573 chus
402 3538 467 3572 ex
495 3522 782 3573 Phoenissis
806 3522 1096 3573 mulieribus
1123 3523 1323 3572 chorum
1349 3522 1724 3587 composuisset,
1761 3520 2041 3587 Aeschylus
2067 3535 2177 3570 eum
2202 3535 2381 3585 perso-

262 3606 434 3641 narum
460 3591 710 3639 delectum
726 3587 932 3654 fecerit,
959 3597 1016 3640 ut
1041 3590 1159 3639 nihil
1186 3591 1247 3640 ad
1273 3591 1534 3653 imaginem
1557 3590 1825 3638 universae
1849 3588 2085 3653 civitatis,
2109 3587 2381 3637 miserabili

264 3660 348 3709 illa
383 3658 525 3707 clade
563 3656 785 3708 funditus
811 3655 1043 3721 afflictae,
1082 3658 1259 3707 deesse
1293 3658 1571 3708 videretur.
1621 3657 1844 3723 Denique
1881 3656 2198 3722 peregrinum
2231 3655 2380 3704 etiam

266 3727 506 3792 quendam
532 3727 752 3776 colorem
779 3741 874 3775 non
902 3726 1062 3775 solum
1086 3726 1162 3791 τῷ
1188 3718 1330 3791 ἤθει,
1369 3725 1457 3775 sed
1484 3725 1632 3775 etiam
1661 3726 1725 3795 τῇ
1752 3725 1886 3782 λέξει
1914 3723 2118 3787 egregia
2141 3738 2250 3772 cum
2268 3729 2380 3771 arte

265 3790 2380 3928 3325‘23300amet&3⁰2¹,35m12333ffis11'33555h⁰5,3‡;3·f233i2ss⁶5533,21

267 3945 350 3979 sus
385 3931 496 3980 icor
570 3930 668 3980 uod
691 3930 740 3981 in
780 3936 922 3980 entes
944 3929 1206 3981 mulierum
1271 3930 1468 3979 Iunctus
1502 3936 1555 3979 at
1592 3944 1654 3979 ue
1688 3928 1990 3980 e'ulationes
2023 3928 2038 3975 i
2076 3931 2179 3975 enti
2216 3940 2293 3975 em
2328 3932 2381 3976 et

352 3946 382 3996 r
496 3968 511 3993 ‚
536 3946 566 3995 q
745 3944 776 3992 s
1238 3946 1267 3996 P
1558 3946 1586 3995 q
1713 3944 1735 3992 ,ι
2043 3927 2072 3976 ‘1
2164 3924 2212 3975 ‘d

267 4012 420 4063 paene
445 3997 591 4048 nimis
616 4012 768 4063 saepe
791 4003 1143 4049 memorantur.
