2867 4717
999 456 1228 509 Lesbio
1265 457 1595 509 historico.
2287 454 2352 506 27

259 647 291 690 a
325 632 637 707 personato
679 626 871 706 aliquo
901 625 1195 689 Hellanico
1236 626 1566 706 composita
1605 646 1756 701 esse,
1789 624 2223 708 philosophiam
2255 641 2357 686 ar-

262 719 522 792 roganter
560 731 696 774 cum
746 712 996 774 historia
1034 711 1346 785 miscente,
1387 711 1713 795 eodemque
1752 731 1891 774 vero
1937 711 2108 773 etiam
2160 727 2356 773 rerum

260 798 789 860 commenticiarum
818 804 1075 860 amatore
1097 796 1423 878 impotenti,
1454 799 1610 876 quod
1637 798 1923 877 significat
1942 795 2190 859 Photius
2213 794 2357 857 Bibl.

257 902 311 963 p.
348 884 461 945 177
502 883 812 946 Hoeschel.
889 882 1125 946 Accedit
1172 883 1332 962 quod
1370 900 1563 962 neque
1603 902 1826 957 eorum,
1877 901 2024 961 quae
2053 900 2122 942 ex
2149 881 2358 942 iisdem

257 966 526 1030 Hellanici
568 968 925 1051 Aegyptiacis
969 968 1276 1031 laudantur
1307 967 1463 1049 apud
1492 969 1854 1031 Athenaeum
1883 967 1981 1039 XI,
2026 986 2085 1048 p.
2116 966 2241 1027 470
2285 964 2361 1039 ὓς

257 1052 366 1127 XV,
393 1073 454 1134 p.
488 1053 612 1115 679
643 1055 717 1129 F3
750 1053 873 1116 680
904 1054 950 1115 Β
978 1053 1110 1115 talis
1141 1053 1367 1115 indoles
1398 1059 1507 1129 est,
1534 1062 1602 1117 ut
1629 1054 1868 1134 antiquo
1891 1051 2187 1115 Hellanico
2216 1049 2361 1112 illis-

259 1156 363 1219 que
387 1139 775 1220 temporibus„
803 1138 907 1202 ubi
935 1138 1228 1220 Aegyptus
1259 1157 1466 1201 recens
1497 1139 1783 1220 patefacta
1813 1146 1951 1211 erat,
1982 1134 2363 1218 probabiliter

257 1223 424 1286 tribui
452 1224 712 1305 possint.
764 1223 966 1304 Neque
995 1224 1111 1305 ipsi
1140 1224 1435 1286 Athenaeo
1468 1226 1830 1307 exploratum
1864 1231 1988 1285 erat
2015 1224 2087 1284 de
2108 1222 2222 1283 fide
2250 1221 2363 1283 ha-

256 1326 381 1371 rum
420 1310 1020 1384 commentationum,
1057 1329 1110 1370 v.
1151 1308 1360 1370 Athen.
1399 1309 1547 1383 xlv,
1589 1329 1646 1391 p.
1680 1310 1804 1372 652
1846 1308 1894 1370 A
1937 1300 2211 1393 φοίνικα
2247 1299 2364 1369 τόν

259 1389 509 1478 καρπὸν
551 1389 670 1458 καὶ
703 1386 1083 1469 Ἑλλάνικος
1123 1388 1428 1479 κέκληκεν
1470 1390 1538 1460 ἐν
1579 1391 1662 1481 τῇ
1691 1387 1788 1470 εἰς
1822 1383 2174 1474 ῗἈμμωνος
2201 1383 2365 1453 ἄνα-

257 1473 463 1563 βάσει,
511 1472 573 1542 εἰ
617 1473 883 1564 γνήσιον
921 1475 1002 1542 τὸ
1043 1473 1461 1562 σύγγραμμας
1511 1499 1687 1561 quem
1737 1478 1951 1541 librum
1999 1485 2228 1558 partem
2278 1476 2366 1539 vel

259 1565 636 1646 appendicem
686 1564 1169 1646 Aegyptiacorum
1207 1564 1392 1627 fuisse
1427 1565 1572 1628 vidit
1608 1566 1724 1627 iam
1753 1564 2020 1627 VossiuS.
2084 1563 2364 1625 Eiusdem

256 1668 383 1712 vero
414 1651 663 1730 originis
685 1651 872 1712 fuisse
900 1650 1309 1712 affirmaverim
1339 1670 1444 1712 eos
1470 1650 1945 1723 commentarioS,
1979 1668 2127 1731 quos
2158 1668 2228 1710 ex
2245 1647 2362 1718 He·

256 1736 457 1797 rodoto
488 1743 665 1815 atque
686 1736 957 1798 Damaste
983 1735 1357 1816 impudenter
1386 1737 1735 1817 compilatos
1764 1736 1953 1798 fuisse
1995 1734 2171 1797 tradit
2211 1734 2363 1819 Por-

256 1821 491 1901 phyrius
533 1840 628 1901 ap.
658 1819 870 1882 Euseb.
912 1820 1117 1902 Praep.
1158 1822 1374 1899 Evang.
1405 1822 1501 1896 lx,
1534 1822 1614 1883 39
1644 1839 1702 1901 p.
1734 1822 1859 1884 466
1897 1820 1942 1881 Β
1981 1816 2067 1883 τὰ
2109 1819 2364 1900 βαρβα-
2391 1845 2417 1886 a

258 1901 402 1988 ρικᾶ
443 1899 702 1985 νόμιμα
737 1897 1113 1968 Ἑλλανίκου
1159 1900 1230 1968 ἐκ
1274 1901 1403 1967 τῶν
1437 1898 1812 1989 (Ηροδότου
1852 1900 1970 1967 καὶ
1998 1898 2362 1984 Δαμάστου

259 1987 582 2075 συνῆκται,
629 1992 784 2053 unde
813 2008 1020 2053 omnes
1049 1991 1424 2052 vehementer
1460 1992 1522 2053 in
1562 1991 1917 2053 Hellanicum
1959 1989 2167 2050 invecti
2206 1994 2364 2061 sunt,

258 2082 415 2136 atrox
441 2082 608 2137 recte
644 2075 968 2138 iudicantes
1006 2076 1235 2138 facinus
1262 2076 1467 2151 fuisse,
1508 2077 1667 2156 quod
1706 2075 2028 2156 aequalium
2067 2073 2366 2136 volumina

256 2158 469 2223 furatus
497 2161 580 2223 sit
607 2168 781 2242 atque
811 2162 873 2224 in
901 2180 1009 2223 sua
1032 2162 1218 2242 ipsius
1240 2163 1728 2243 transscripserit,
1757 2163 1933 2241 idque
1955 2159 2081 2223 sine
2102 2161 2216 2222 ulla
2240 2159 2367 2221 dis—

259 2245 646 2308 simulatione.
692 2246 840 2308 Nam
870 2246 1068 2328 primo
1100 2265 1333 2327 quoque
1364 2247 1573 2310 obtutu
1599 2249 1824 2311 furtum
1847 2245 1985 2307 illud
2009 2245 2366 2326 deprehendi

257 2333 522 2410 potuisse
552 2333 693 2392 satis
726 2331 1047 2394 ostendunt
1075 2350 1219 2410 quae
1248 2351 1317 2394 ex
1346 2326 1659 2415 νομίμοις
1699 2332 1833 2394 istis
1870 2331 2183 2394 laudantur
2211 2329 2366 2410 apud

260 2415 493 2479 Suidam
529 2424 587 2479 et
612 2416 802 2496 Etym.
862 2417 941 2478 Μ.
974 2435 1024 2478 ν.
1056 2410 1392 2497 Ζάμολξις
1420 2425 1757 2499 comparata
1786 2434 1920 2478 cum
1951 2416 2252 2478 Herodoto
2275 2415 2367 2489 IV,

260 2499 351 2573 95,
379 2502 720 2582 frustraque
747 2501 1146 2564 Dahlmannus
1176 2502 1212 2564 l.
1245 2521 1295 2564 c.
1323 2522 1383 2584 p.
1420 2505 1539 2564 127
1572 2511 1629 2565 et
1659 2502 1958 2565 Goellerus
1988 2502 2049 2563 in
2078 2502 2175 2562 vit.
2202 2501 2367 2564 Thu-

260 2586 373 2667 cyd,
402 2606 463 2667 p.
501 2587 585 2647 46
617 2588 1074 2649 consensionem
1103 2587 1260 2649 illam
1290 2596 1647 2667 negaverunt
1682 2608 1812 2650 eam
1856 2606 2014 2659 esse,
2058 2587 2217 2649 unde
2259 2586 2369 2648 tale

261 2670 389 2748 quid
417 2671 809 2733 concludatur
827 2673 906 2747 9).
964 2673 1209 2735 Tantam
1240 2692 1377 2735 vero
1409 2674 1832 2755 impudentiam
1873 2672 1971 2753 qui
2009 2672 2125 2734 iam
2155 2671 2368 2752 priscis

258 2755 360 2816 illis
387 2756 762 2836 temporibus
792 2756 1012 2831 tribuit,
1044 2757 1144 2819 ubi
1172 2765 1329 2820 tanta
1354 2759 1615 2839 undique
1637 2759 1708 2820 ad
1730 2758 2006 2819 homines
2035 2774 2234 2817 rerum
2261 2774 2370 2818 co-

259 2841 722 2919 gnoscendarum
763 2842 1065 2904 studiosos
1102 2845 1378 2905 materies
1422 2841 1724 2916 affluebat,
1767 2850 1834 2905 ut
1870 2842 2061 2922 prima
2102 2859 2369 2922 quaeque

257 2934 450 2988 notare
496 2927 850 3008 scriptisque
892 2927 1125 2990 condita
1163 2929 1453 3008 divulgare
1493 2947 1666 3010 quam
1707 2935 1979 2990 ornatum
2016 2927 2202 2990 ullum
2241 2945 2368 2991 ser-

260 3012 443 3073 monis
492 3012 704 3074 addere
741 3030 953 3092 resque
1002 3013 1226 3092 passim
1266 3014 1625 3094 conquisitas
1665 3014 1737 3076 ad
1771 3014 1982 3076 iustam
2019 3013 2367 3075 narrationis

259 3093 508 3160 formam
558 3096 790 3159 edolare
833 3097 1205 3175 mallent10),
1252 3099 1304 3161 is
1346 3101 1538 3162 videat
1579 3117 1655 3161 ne
1696 3099 2074 3160 vehementer
2121 3098 2366 3160 fallatur.

260 3180 491 3244 Accedit
519 3182 678 3261 quod
714 3181 890 3261 longe
923 3183 1300 3246 verisimilius
1330 3192 1423 3246 est
1449 3184 1725 3246 Hellanici
1752 3183 1934 3246 libros
1965 3182 2035 3245 ab
2067 3182 2366 3244 Herodoto

258 3273 571 3348 usurpatos
590 3284 739 3341 esse,
762 3285 939 3347 quam
960 3268 1247 3331 Herodoti
1269 3269 1341 3331 ab
1355 3270 1676 3345 Hellanico3
1706 3268 2182 3349 quandoquidem
2202 3267 2367 3331 illum

260 3451 382 3516 quod
412 3466 492 3518 ap.
514 3450 755 3514 Antigon.
782 3451 984 3519 Caryst.
1020 3452 1150 3504 Hist.
1176 3451 1357 3505 Mirab.
1384 3470 1427 3505 c.
1460 3454 1573 3521 126,
1608 3470 1733 3524 quae
1759 3470 1826 3506 ex
1861 3455 2036 3507 eodem
2059 3456 2188 3507 haud
2221 3454 2367 3508 dubie

262 3534 405 3585 opere
428 3527 713 3584 manarunt,
736 3527 917 3571 auctor
940 3521 1224 3572 nominatur
1241 3516 1556 3581 Ἑλλάνικος
1579 3518 1608 3575 ὃ
1634 3524 1899 3590 Λέσβιος,
1929 3530 1982 3574 et
2006 3526 2136 3589 quod
2158 3525 2211 3574 in
2228 3522 2367 3589 frag·-

262 3588 437 3638 mentis
480 3586 613 3654 apud
647 3589 959 3640 Athenaeum
992 3589 1167 3640 insunt
1189 3591 1406 3654 vestigia
1430 3592 1635 3644 dialecti
1668 3591 1885 3644 Ionicae.
1943 3589 2035 3655 [Cf.
2060 3592 2121 3644 A.
2148 3593 2209 3643 de
2240 3590 2368 3643 Gut-

260 3655 440 3706 schmid
464 3655 515 3706 in
542 3654 804 3720 Philologo
827 3655 881 3708 X
907 3656 1096 3721 (1855),
1121 3673 1169 3724 p.
1197 3656 1296 3708 538
1320 3660 1448 3725 sqq.]

386 3724 435 3786 9)
462 3722 630 3774 Aliter
651 3724 895 3776 iudicavit
917 3720 1150 3776 Sturzius
1176 3741 1222 3792 p.
1254 3725 1342 3788 133
1372 3726 1456 3789 66,
1480 3734 1533 3778 et
1556 3725 1848 3791 anegerus
1885 3728 1934 3778 in
1966 3728 2074 3780 vita
2111 3725 2366 3794 Thucydi-

262 3789 332 3840 dis
353 3806 402 3858 p.
428 3790 512 3841 27.
573 3789 672 3842 Sed
698 3793 760 3843 de
785 3793 883 3843 fide
907 3794 1053 3845 huius
1088 3792 1206 3845 libri
1233 3801 1413 3846 neuter
1435 3795 1697 3847 dubitavit.

391 3858 475 3922 10)
502 3858 629 3909 Dion
669 3876 712 3911 s.
737 3859 852 3911 Hal.
877 3862 939 3912 de
963 3861 1189 3929 Thucyd.
1216 3862 1319 3914 ind.
1345 3879 1388 3914 c.
1416 3864 1465 3914 5.
1492 3860 1591 3916 ἕνα
1613 3863 1706 3915 καὶ
1739 3859 1838 3916 τὸν
1862 3857 2032 3916 αὐτὸν
2055 3856 2366 3932 φυλάττον-

260 3940 344 3983 τες
365 3920 604 4008 σκοπόν,
629 3875 762 3979 §aaz
787 3923 1119 3990 διεσώζοντο
1145 3927 1301 4001 παρὰ
1326 3934 1447 3989 τοῖς
1469 3929 1795 4014 ἐπιχωρίοις
1814 3933 2033 4001 μνῆμαι
2067 3925 2204 3981 κατὰ
2229 3928 2366 3997 ἔθνη

262 4008 314 4045 τε
335 3995 427 4044 καὶ
446 4011 584 4047 κατα
610 3991 816 4063 πόλεις,
843 3993 936 4050 εἴτ’
976 3994 1038 4049 ἔν
1061 3997 1236 4067 ἱεροῖς
1258 3995 1348 4051 εἴτ’
1379 3995 1440 4050 ἒν
1461 3999 1710 4066 βεβηλοις
1740 3996 2110 4068 ἀποκείμεναι
2129 4003 2364 4069 γραφαί,

263 4056 460 4141 ταύτας
499 4063 577 4120 εἰς
612 4059 716 4129 τὴν
748 4059 941 4130 κοινὴν
982 4061 1247 4118 ἁπάντων
1276 4066 1494 4135 γνῶσιν
1533 4066 1833 4135 ἐξενεγκεῖν
1869 4067 1991 4124 οἵας
2030 4069 2364 4137 παρέλαβον,

261 4145 395 4193 μητε
420 4133 826 4200 προστιθέντες
848 4130 1041 4191 αὐταῖς
1063 4150 1117 4183 τι
1136 4128 1276 4202 μήτε
1303 4130 1689 4202 ἀφαιροῦντες.
