2867 4717
1038 452 1260 503 Lesbio
1297 455 1629 505 historico.
2323 456 2387 506 35

1131 617 1179 668 b.
1217 617 1546 670 Phor-onis.

443 700 840 780 Apollodorus
871 718 1055 780 genus
1083 703 1283 764 Inachi
1312 711 1373 765 et
1403 703 1702 765 Phoronei
1739 704 1816 763 ita
1854 709 2091 778 tractat,
2134 710 2202 764 ut
2241 719 2388 782 quae

269 786 576 848 Boeotiam
611 794 879 866 spectant
906 786 1131 851 fabulas
1164 806 1281 848 uno
1313 796 1520 850 tenore
1547 795 1858 868 proponat,
1897 788 2184 865 Agenoris
2215 795 2388 868 atque

268 871 395 932 Beli
424 870 599 932 rebus
633 871 947 952 separatim
968 873 1246 935 tractatis,
1314 873 1543 952 Inquo
1582 873 1651 934 ab
1696 872 1988 933 llellanico
2027 873 2387 952 discrepasse

267 957 517 1030 videtur,
550 965 836 1036 quantum
867 977 936 1018 ex
965 957 1305 1037 fragmentis
1343 957 1586 1020 iudicari
1613 958 1774 1033 licet,
1818 966 1883 1017 ut
1924 958 2021 1037 qui
2051 965 2388 1036 temporum

270 1042 490 1103 seriem
514 1043 769 1104 maxime
799 1050 1036 1104 secutus
1066 1044 1129 1103 in
1151 1044 1350 1124 priore
1370 1042 1729 1104 Phoronidis
1752 1041 1901 1103 libro
1925 1043 2107 1120 egerit
2134 1043 2207 1103 de
2225 1043 2390 1104 Pho-

266 1126 618 1189 ronidarum
648 1134 821 1208 atque
842 1129 1221 1207 Pelasgorum
1248 1129 1382 1191 fatis
1411 1128 1566 1207 apud
1590 1129 1798 1206 Argos,
1826 1127 1890 1188 in
1911 1127 2210 1189 Thessalia
2232 1127 2388 1189 aliis-

268 1228 386 1292 que
418 1211 790 1291 regionibuS,
831 1213 1088 1294 itemque
1116 1214 1188 1274 de
1241 1213 1567 1293 originibus
1621 1232 1822 1275 earum
1866 1212 2129 1286 urbium,
2170 1231 2320 1292 quae
2355 1233 2388 1275 a

266 1296 529 1376 Pelasgis
558 1299 994 1378 repetebantur,
1036 1299 1286 1360 maxime
1337 1300 1408 1360 de
1460 1298 1677 1360 Thebis
1718 1298 2011 1374 Cadmei53
2061 1299 2390 1377 posteriore

265 1400 409 1443 vero
438 1383 589 1444 libro
620 1383 973 1445 enarraverit
996 1383 1220 1445 fabulas
1252 1385 1326 1445 de
1353 1385 1619 1446 Hercule.

442 1467 611 1529 Unde
648 1487 897 1529 exorsus
934 1468 1012 1530 sit
1046 1468 1259 1530 librum
1298 1469 1560 1548 priorem
1599 1475 1758 1548 patet
1787 1488 1857 1529 ex
1890 1467 2086 1530 Schol.
2117 1468 2182 1528 11.
2223 1487 2278 1548 γ,
2309 1469 2387 1528 75

262 1542 496 1626 Ἴασος
536 1547 654 1615 καὶ
707 1549 1051 1633 Πελασγὸς
1101 1548 1371 1637 Τριόπα
1421 1550 1665 1627 παῖδες
1717 1548 2218 1636 τελευτήσαντος
2272 1544 2392 1615 αὖ·

267 1637 412 1710 τοῖς
452 1634 570 1699 τοῦ
612 1633 865 1720 πατρὸς
910 1631 1236 1701 διείλοντο
1278 1635 1398 1722 τήν
1439 1630 1787 1719 βασιλείαν
1826 1634 1984 1712 κτλ.,
2030 1636 2132 1699 ubi
2180 1637 2392 1701 citatur

268 1722 508 1800 quidem
549 1714 717 1783 Ἑλλ.
768 1718 838 1785 ἐν
877 1714 1319 1804 Ἀργολικοῖς,
1378 1725 1482 1785 sed
1533 1742 1736 1785 verum
1783 1730 2118 1785 contextum
2175 1723 2394 1785 indicat

265 1807 539 1867 Eustath.
569 1808 643 1869 ad
674 1809 924 1869 eundem
952 1809 1150 1870 locum
1172 1829 1230 1889 p.
1252 1809 1375 1870 385
1406 1803 1574 1894 φησὶ
1605 1805 1680 1870 δὲ
1727 1799 1896 1870 Ἑλλ.
1929 1805 2183 1882 παῖδας
2218 1807 2392 1888 τρεῖς

269 1885 629 1975 Φορωνέως
659 1887 976 1973 γενέσθαι
1005 1890 1141 1955 κτλ.
1196 1893 1453 1956 Partitur
1475 1895 1921 1973 Peloponnesus
1944 1894 2217 1971 superior
2238 1894 2391 1956 inter

267 1977 423 2037 filios
446 1976 789 2038 Phoronei2
806 1980 883 2054 2),
912 1978 1242 2057 Pelasgum,
1273 1979 1486 2053 Iasum,
1520 1980 1868 2057 Agenorem.
1921 1978 2166 2056 Pelasgo
2193 1977 2389 2039 obtin-

266 2061 352 2139 git
384 2061 657 2136 Arcadia3
704 2081 822 2141 quo
853 2064 1223 2125 referendum
1255 2071 1430 2143 caput
1458 2058 1616 2146 περὶ
1644 2054 2020 2144 Ἀρκαδίας,
2068 2062 2231 2124 cuius
2262 2082 2389 2125 me-

266 2146 442 2208 minit
473 2147 668 2208 Schol.
700 2148 972 2227 Apollon.
999 2149 1041 2221 1,
1089 2149 1226 2223 162,
1257 2151 1581 2228 eodemque
1609 2149 1903 2210 retulerim
1936 2166 2079 2227 quae
2102 2147 2390 2210 habentur

266 2231 425 2310 apud
457 2232 707 2293 eundem
739 2233 810 2293 ad
841 2234 948 2312 Ap.
974 2234 1019 2307 1,
1059 2233 1201 2295 769.
1251 2234 1527 2314 Sequitur
1550 2239 1888 2313 excerptum
1909 2233 2118 2305 maiuS,
2151 2233 2387 2295 maximi

263 2315 408 2377 illud
439 2316 511 2377 ad
542 2317 1010 2397 antiquissimam
1046 2316 1317 2380 Graeciae
1347 2319 1693 2381 memoriam
1724 2317 2037 2391 momenti,
2078 2318 2150 2378 de
2186 2318 2388 2379 Pelas-

267 2419 483 2479 gorum
513 2402 576 2463 in
605 2402 963 2465 Thessaliam
996 2404 1378 2482 profectione,
1420 2404 1576 2466 unde
1605 2422 1811 2465 rursus
1844 2402 2068 2482 expulsi
2099 2421 2204 2480 per
2231 2403 2388 2464 Deu-

267 2486 556 2547 calionem
587 2487 647 2548 in
677 2487 899 2549 Italiam
926 2489 1380 2562 transferuntur,
1417 2490 1518 2551 ubi
1549 2487 1866 2568 Tyrrhenia
1904 2489 2162 2566 primum
2202 2486 2273 2548 ab
2315 2489 2387 2549 iis

264 2571 572 2645 incolitur,
620 2590 670 2633 v.
711 2573 947 2653 DionyS.
991 2573 1116 2634 Hal.
1157 2574 1332 2635 Arch.
1377 2574 1551 2635 Rom.
1584 2574 1633 2646 1,
1678 2573 1759 2634 28
1810 2564 2190 2646 Ἑλλάνικος
2232 2569 2306 2634 δὲ
2350 2564 2388 2633 ὁ

267 2650 584 2736 Λέσβιος
622 2652 777 2731 τούς
828 2652 1194 2741 Τυῤῥηνούς
1237 2676 1408 2742 φησι
1460 2652 1849 2738 Πελασγοὺς
1901 2650 2224 2739 πρότερον
2266 2677 2388 2718 κα-

263 2737 647 2820 λουμένους,
703 2736 944 2824 ἐπειδη
995 2736 1385 2826 κατῴκησαν
1422 2737 1491 2803 ἐν
1528 2734 1802 2826 Ἰταλίᾳ,
1858 2737 2267 2841 παραλαβεῖν
2308 2729 2388 2824 ἣν

266 2817 313 2887 ἔ
346 2844 500 2888 ουσι
544 2819 1013 2910 προσηγορίαν.
1068 2819 1207 2906 ἔχει
1252 2820 1327 2888 δὲ
1372 2818 1550 2910 αὐτῷ
1603 2821 1674 2889 ἐν
1717 2819 2048 2905 Φορωνίδι
2105 2845 2143 2888 ο
2192 2819 2387 2907 λόγος

326 2908 427 2972 δε·
474 2909 632 2986 ,,τοῢ
670 2908 1018 2991 Πελασγοῦ
1061 2908 1175 2973 τοῦ
1217 2904 1550 2992 βασιλέως
1595 2902 1807 2973 αὐτῶν
1849 2906 1967 2972 καὶ
2012 2902 2386 2993 Matina-,273

263 2992 384 3080 τῆς
424 2992 717 3079 Πηνειοῦ
758 2990 1012 3076 ἐγένετο
1061 2990 1405 3077 Φράστωρ,
1448 2993 1568 3058 τοῦ
1612 2989 1689 3058 δὲ
1730 2988 2092 3075 Ἀμύντωρ,
2145 2991 2265 3057 τοῦ
2309 2992 2385 3058 δὲ

273 3074 707 3163 Τευταμίδης,
749 3082 873 3143 τοῦ
916 3075 993 3143 δὲ
1034 3078 1278 3154 Νάνας.
1334 3074 1456 3142 ἐπὶ
1505 3076 1741 3145 τούτου
1796 3075 2262 3159 βασιλεύοντος
2317 3071 2385 3142 οἱ

263 3159 605 3247 Πελασγοὶ
646 3156 755 3249 ὑφ’
803 3156 1126 3249 Ἑλλήνων
1169 3157 1531 3269 ἀνέστησαν
1572 3161 1689 3228 καὶ
1742 3160 1862 3226 ἐπὶ
1915 3161 2201 3246 Σπινῆτι
2255 3182 2387 3227 πο·-

261 3247 462 3333 ταμῷ
523 3244 594 3313 ἐν
654 3247 753 3332 τῷ
790 3240 999 3333 Ἰονίῳ
1042 3243 1274 3333 κόλπῳ
1319 3270 1439 3324 τας
1481 3247 1639 3334 νῆας
1680 3243 2160 3323 καταλιπόντες
2208 3244 2387 3333 Κρό-

261 3355 443 3397 τωνα
495 3329 700 3397 πόλιν
758 3329 828 3396 ἐν
881 3326 1202 3418 μεσογείῳ
1260 3322 1437 3397 εἷλον
1494 3329 1612 3398 καὶ
1664 3329 1968 3397 ἐντεῦθεν
2019 3324 2201 3414 ὃρμιό
2252 3354 2388 3398 ενοι

2418 892 2466 931 15

261 3415 383 3504 τὴν
420 3416 532 3480 νῦν
573 3413 975 3503 καλουμένην
1025 3412 1384 3504 Τυρρηνίαν
1424 3411 1759 3483 ἔκτισανέ(
1845 3419 1957 3481 Ubi
1997 3419 2156 3480 vides
2247 3420 2382 3482 ella·
2411 3439 2463 3478 16

261 3506 469 3566 nicum
497 3523 800 3585 opponere
825 3506 1092 3567 Hellenes
1122 3506 1181 3566 h.
1212 3525 1263 3566 e.
1295 3524 1482 3584 genus
1512 3504 1880 3567 Deucalionis
1921 3511 1979 3565 et
2006 3504 2282 3583 Pelasgos
2324 3507 2381 3567 h.

264 3610 314 3651 e.
339 3607 529 3669 genus
554 3590 856 3652 Phoronei
873 3593 897 3631 2
915 3592 1001 3665 3),
1031 3608 1167 3652 nam
1191 3591 1503 3652 Deucalion
1528 3609 1663 3652 cum
1678 3589 2012 3651 Hellenibus
2035 3589 2159 3651 suis
2181 3589 2383 3651 Pelas-

265 3694 376 3754 gos
405 3694 477 3735 ex
506 3676 808 3738 Thessalia
839 3674 1024 3750 eiecit,
1068 3676 1227 3757 quod
1257 3682 1530 3738 narratur
1557 3675 1710 3755 apud
1735 3674 1972 3754 Dionys.
2002 3676 2069 3736 A.
2100 3674 2172 3735 R.
2202 3674 2246 3749 1,
2283 3676 2380 3748 17,

402 3842 488 3905 22)
527 3842 600 3892 De
626 3844 720 3893 hoc
752 3843 988 3894 similiter
1019 3844 1265 3894 iudicasse
1291 3844 1494 3895 videtur
1525 3851 1674 3909 atque
1708 3843 1886 3893 scribit
1907 3842 2181 3892 Pausanias
2205 3840 2273 3903 Π,
2302 3841 2382 3905 15,

266 3911 296 3961 5
330 3910 554 3978 λέγεται
587 3907 650 3962 δὲ
682 3912 774 3962 καὶ
809 3907 908 3963 ὅδε
942 3907 1127 3981 λόγος·
1162 3913 1437 3981 Φορωνέα
1468 3910 1529 3965 ἐν
1559 3914 1624 3976 τῆ
1659 3912 1731 3980 γῇ
1765 3907 1932 3980 ταύτῃ
1968 3909 2053 3979 (τῇ
2081 3906 2380 3977 Ἀργολίδι)

263 3979 537 4046 γενέσθαι
563 3979 807 4062 πρῶτον,
832 3973 1063 4048 Ἴναχον
1086 3978 1150 4031 δὲ
1170 3974 1270 4030 οὐκ
1294 3976 1493 4051 ἄνδρα,
1522 3965 1658 4031 ἀλλὰ
1676 3978 1774 4032 τὸν
1792 3972 2057 4046 ποταμὸν
2077 3976 2291 4045 πατέρα
2310 3975 2384 4029 εἶ-

267 4063 360 4098 ναι
386 4051 587 4175 (ξῶρὸὶὲ
600 4048 947 4168 ειῗοκέἐόεουῑίι
972 4116 1258 4167 Herodotus
1280 4115 1318 4181 Ι,
1346 4116 1409 4167 56
1437 4133 1494 4182 sq
1515 4152 1529 4178 ‚
1556 4118 1645 4166 sed
1671 4116 1967 4165 omittuntur
1989 4113 2202 4166 fabulae.

1916 4197 1983 4246 3*
