2867 4717
1090 403 1579 489 Peripatetico.
2291 420 2392 477 105

436 579 680 639 Praeter
706 578 851 639 haec
877 595 1060 656 opera
1088 577 1243 657 apud
1271 574 1665 638 Marcellinum
1690 575 1799 637 Vit.
1823 576 2083 658 Thucyd.
2108 582 2145 653 ξ
2168 578 2270 651 29,
2294 578 2395 659 qui

242 665 430 725 locus
459 670 559 724 est
584 662 656 724 de
682 661 1052 742 temporibus
1076 661 1431 740 Thucydidis
1453 660 1737 733 historici,
1760 661 2163 742 Praxiphanes
2186 664 2398 725 citatur

248 743 323 811 ἐν
366 744 476 830 τῷ
521 741 683 829 περὶ
726 738 1160 828 {moetas-2⁸).
1220 745 1558 807 Formulam
1584 745 1732 807 tituli
1763 746 1918 807 haud
1950 748 2232 827 integram
2263 766 2396 810 esse

250 834 610 912 suspicatur
644 831 995 892 Bitschelius
1035 832 1108 892 de
1149 831 1264 892 vita
1305 830 1628 909 Agathonis
1658 848 1716 910 p.
1759 829 1824 903 2,
1867 832 2231 912 omninoque
2271 850 2395 894 non

248 917 460 997 ipsius
504 916 845 995 scriptoris,
886 916 990 977 sed
1020 915 1147 976 eius
1190 933 1321 976 esse
1349 914 1593 988 videtur,
1624 915 1725 994 qui
1753 915 1914 976 bunc
1940 915 2134 977 locum
2167 917 2394 996 primus

251 1002 580 1081 excerpsit,
606 1008 671 1061 ut
690 1000 885 1061 solent
903 1000 1059 1078 apud
1082 1007 1305 1061 veteres
1327 1000 1426 1079 qui
1448 999 1853 1060 testimonium
1876 999 2109 1079 aliquod
2130 1002 2398 1064 alicunde

251 1086 532 1164 allegant,
559 1103 684 1146 non
712 1103 914 1145 verum
943 1085 1127 1146 totius
1158 1085 1356 1164 operis
1375 1084 1611 1145 titulum
1636 1085 1832 1156 citare,
1862 1085 1966 1145 sed
1989 1085 2162 1158 illius,
2193 1086 2252 1147 in
2276 1104 2396 1166 quo

254 1171 450 1231 modo
493 1170 703 1231 studiis
735 1169 861 1230 suis
890 1169 1294 1242 versabantur,
1325 1168 1604 1230 sectionis
1632 1170 1718 1229 vel
1749 1170 1954 1248 capitis
1983 1179 2394 1248 argumentum

257 1254 628 1334 compendio
675 1254 870 1333 aliquo
907 1254 1194 1314 formulae
1222 1253 1568 1333 significare.
1627 1253 1712 1314 Ita
1740 1254 1854 1314 hoc
1884 1272 2119 1333 quoque
2146 1256 2277 1316 loco
2307 1256 2399 1317 fa-

257 1347 430 1400 ctum
471 1339 724 1411 videtur,
772 1339 875 1399 sed
915 1337 1043 1416 ipsa
1073 1338 1417 1417 significatio
1448 1344 1568 1398 tam
1600 1336 1847 1399 obscura
1879 1347 1995 1411 est,
2026 1347 2092 1400 ut
2121 1357 2268 1418 quae
2298 1358 2394 1401 res

255 1424 320 1484 in
356 1424 481 1484 hoc
510 1423 631 1483 sive
658 1421 808 1484 libro
840 1423 960 1483 sive
990 1423 1178 1502 capite
1203 1429 1482 1484 tractatae
1502 1421 1720 1483 fuerint
1741 1423 1893 1483 haud
1914 1422 2081 1484 facile
2103 1423 2394 1503 quispiam

257 1509 639 1586 expiscetur3
680 1507 794 1568 nisi
849 1506 1036 1580 dicas,
1075 1525 1210 1568 cum
1260 1509 1320 1568 in
1369 1506 1502 1586 ipso
1548 1507 1879 1584 fragmento
1920 1514 2121 1585 agatur
2158 1509 2230 1568 de
2266 1509 2396 1569 aula

257 1592 540 1653 Archelai
576 1592 729 1669 regis
766 1591 1142 1663 Macedonici,
1184 1592 1581 1671 hospitalitate
1618 1609 1753 1670 erga
1784 1598 1990 1670 poetas
2019 1592 2395 1666 celeberrimi,

257 1683 323 1736 et
366 1677 443 1737 de
487 1676 660 1737 variis
707 1676 804 1755 qui
856 1676 1010 1737 113116
1048 1677 1237 1737 31113111
1288 1675 1975 1754 celebraverant'poetiS,
2016 1677 2191 1738 etiam
2237 1678 2396 1738 hunc

258 1761 489 1821 librum
530 1761 602 1821 ad
645 1761 947 1821 historiam
989 1779 1246 1839 poeseos
1284 1767 1457 1840 atque
1496 1767 1803 1840 poetarum
1846 1761 2217 1840 pertinuisse.
2277 1762 2394 1823 Ex-

259 1844 496 1906 stitisse
526 1851 719 1906 autem
761 1863 912 1924 opus
945 1845 1356 1924 Praxiphanis‚
1400 1862 1517 1923 quo
1547 1845 1868 1906 litterarum
1902 1845 2175 1918 historia,
2210 1864 2385 1924 quam

259 1936 459 1991 aetate
489 1930 872 2008 subsequenti
905 1930 1056 1990 inter
1077 1928 1499 1990 Alexandrinos
1523 1929 1776 1988 maxime
1798 1929 1977 1989 coluit
2000 1928 2396 2003 Callimachus,

260 2014 598 2075 accuratius
642 2031 818 2092 quam
848 2032 879 2075 a
909 2013 1208 2093 prioribus
1238 2020 1298 2074 et
1324 2014 1404 2073 ita
1433 2019 1501 2073 ut
1529 2019 1834 2090 poetarum
1866 2013 2117 2074 maxime
2143 2032 2238 2073 res
2270 2021 2400 2075 tra-

263 2104 571 2159 ctarentur
609 2097 874 2176 exposita
912 2105 1060 2169 erat,
1102 2098 1218 2158 hoc
1262 2099 1348 2158 vel
1384 2097 1844 2159 commentarius
1882 2097 1979 2157 ille
2006 2097 2194 2177 ipsius
2227 2098 2394 2160 Calli-

261 2182 466 2242 machi
519 2181 891 2261 comprobat,
928 2183 999 2243 de
1049 2183 1240 2261 poetis
1292 2181 1590 2242 nobilibus
1639 2183 1922 2243 adversus
1967 2182 2394 2265 Praxiphanem

264 2266 484 2338 edituS,
515 2267 588 2327 116
618 2285 734 2345 quo
766 2266 984 2328 dictum
1009 2273 1100 2328 est
1129 2284 1308 2346 supra
1340 2285 1470 2345 pag.
1506 2267 1562 2326 7.

443 2352 604 2433 Quae
632 2352 1027 2433 praeter‘haec
1047 2359 1271 2412 servata
1295 2360 1438 2412 sunt
1455 2352 1801 2427 fragmenta,
1832 2351 2144 2412 maximam
2169 2359 2392 2431 partem

265 2436 709 2513 grammaticam
741 2442 1024 2513 spectant.
1085 2435 1212 2496 Alio
1242 2436 1372 2495 loco
1407 2435 1603 2513 (frgm.
1636 2434 1731 2511 lv)
1764 2435 1835 2494 de
1869 2434 2165 2514 particulis
2196 2435 2394 2496 minu·-

262 2518 527 2580 tioribus
579 2519 908 2598 disputatur
955 2519 1269 2580 enuntiatis
1316 2520 1471 2581 haud
1511 2526 1729 2580 temere
1766 2520 2238 2599 interponendis,
2280 2519 2392 2582 alio
2419 2538 2472 2577 19

267 2604 476 2682 (frgm.
509 2605 579 2680 V)
610 2604 912 2664 exordium
945 2604 1314 2683 Reipublicae
1342 2604 1672 2665 Platonicae
1701 2604 2006 2676 iudicatur,
2039 2605 2149 2665 alio
2183 2606 2392 2683 (frgm.

265 2688 377 2764 Vl)
412 2689 781 2767 prooemium
814 2688 1054 2749 Hesiodi
1094 2689 1166 2750 de
1204 2689 1484 2769 operibus
1525 2695 1583 2749 et
1610 2687 1813 2749 diebus
1843 2689 2118 2748 carminis
2146 2691 2205 2748 in
2239 2690 2394 2749 anti-

268 2773 577 2851 quissimis
616 2773 898 2852 exemplis
938 2774 1090 2834 haud
1127 2773 1370 2834 inveniri
1412 2771 1686 2843 traditur,
1728 2771 1853 2832 aliis
1892 2772 2143 2849 denique
2189 2772 2392 2850 (frgm.

266 2856 390 2917 vll.
424 2857 575 2930 VIII)
607 2857 865 2935 singulae
892 2865 1199 2936 poetarum
1230 2857 1461 2935 glossae
1488 2855 1862 2934 explicantur.
1914 2856 2146 2916 Partem
2178 2857 2391 2918 horum

269 2941 543 3002 locorum
573 2942 719 3003 nihil
752 2943 948 3003 obstat
975 2941 1294 3022 quominus
1324 2942 1393 3001 ad
1420 2958 1572 3020 opus
1598 2941 1669 3000 de
1690 2940 1881 3020 poetis
1904 2941 1991 3001 vel
2013 2941 2083 3001 de
2104 2942 2396 3021 poematis

269 3043 645 3099 revocemus,
684 3027 1160 3106 quandoquidem
1201 3043 1394 3104 neque
1422 3026 1766 3086 Aristoteles
1804 3025 1866 3086 in
1905 3034 2027 3087 arte
2063 3026 2290 3104 poetica
2323 3028 2396 3088 de

272 3110 586 3189 generibus
634 3118 860 3172 tantum
913 3130 1168 3189 poeseos
1218 3111 1403 3189 deque
1448 3110 1639 3189 poetis
1681 3110 1922 3188 singulis
1965 3110 2248 3189 disputat,
2292 3110 2394 3170 sed
2456 3130 2464 3139 ·

271 3194 448 3255 etiam
489 3196 561 3255 de
597 3213 871 3256 sermone
911 3195 1143 3274 poetico
1176 3202 1233 3255 et
1262 3196 1333 3256 de
1362 3194 1788 3273 significatione
1814 3193 2124 3254 verborum
2157 3193 2397 3273 aliisque

271 3279 329 3339 id
373 3297 560 3357 genus
608 3279 1066 3358 quaestionibus
1125 3281 1206 3340 De
1247 3279 1370 3340 aliis
1408 3286 1607 3340 tamen
1645 3277 2047 3351 verisimiliuS,
2076 3278 2396 3356 peculiares

270 3364 640 3441 grammatici
670 3364 899 3441 generis
931 3364 1453 3425 commentationes
1484 3362 1555 3424 ab
1585 3380 1656 3423 eo
1686 3362 1868 3423 editas
1895 3362 2107 3435 fuisse,
2146 3364 2396 3424 maxime

271 3448 347 3508 de
376 3448 592 3525 glossis
622 3449 733 3509 illis
765 3449 1134 3526 singulorum
1165 3455 1493 3527 poetarum.

444 3532 703 3611 Denique
732 3532 954 3610 singula
986 3551 1133 3612 quae
1162 3540 1393 3594 exstant
1418 3533 1742 3610 fragmenta
1766 3539 2087 3608 sequantur
2110 3539 2408 3612 quantum·

272 3617 417 3677 satis
447 3616 754 3678 videbatur
780 3618 1069 3678 adnotata.

270 3780 493 3830 Aristot.
514 3781 653 3832 Poet.
674 3799 721 3849 p.
739 3783 807 3835 vl
827 3800 934 3850 sqq.
959 3783 1113 3834 Walz
1132 3783 1263 3834 Einl.
1287 3744 1379 3834 zur
1397 3783 1607 3836 Uebers.
1630 3800 1675 3850 p.
1696 3783 1797 3834 418
1817 3798 1923 3849 sqq.
1980 3783 2198 3849 Spengel
2215 3782 2394 3834 in'Ab-

269 3848 587 3910 bandlungen
611 3851 703 3901 der
725 3851 939 3918 philos.—
957 3852 1128 3917 philol.
1152 3851 1326 3902 Classe
1345 3854 1438 3901 der
1456 3852 1782 3917 bayerischen
1805 3851 2074 3901 Akademie
2099 3849 2246 3910 1837,
2266 3849 2322 3915 Π,
2348 3850 2393 3914 1,

272 3932 320 3981 Ρ·
348 3914 837 4044 21ξ8ῗᾳ111116111110116
861 3986 1085 4036 Hudsoni
1103 3993 1184 4036 est
1201 3984 1261 4039 ἓν
1278 3988 1356 4053 τῷ
1375 3988 1508 4058 περὶ
1527 3987 1808 4055 ἱστοριῶν,
1827 3993 2035 4036 auctore
2062 3983 2101 4035 1.
2114 3983 2174 4035 G.
2188 3984 2396 4035 Schnei-

273 4052 399 4100 dero
423 4050 487 4099 ad
510 4050 731 4103 Demetr.
759 4055 820 4103 de
846 4054 1030 4105 elocut.
1055 4054 1088 4118 ᾖ
1114 4053 1197 4104 57.
