2867 4717
498 400 563 451 42
1333 403 1416 453 De
1452 402 1781 454 Hellanioo

500 571 658 650 quod
692 571 762 631 de
793 570 1005 632 diluvio
1031 571 1251 651 Ogygio
1284 571 1471 650 deque
1491 571 1670 632 Mosis
1702 589 1772 631 ex
1794 576 2052 650 Aegypto
2083 569 2452 649 profectione
2471 568 2614 629 Hel-

498 656 717 717 lanicus
748 657 915 717 testis
948 657 1288 735 producitur
1317 676 1349 717 a
1379 656 1668 729 Patribus,
1700 656 1760 717 id
1790 655 2003 716 nullius
2034 655 2167 716 fidei
2195 674 2330 717 esse
2359 655 2613 715 demon-

501 741 703 802 stravit
732 741 1058 803 Boeekhius
1090 741 1161 802 de
1190 741 1543 803 Philochoro
1576 760 1632 819 p.
1666 741 1721 802 8.
1783 741 1994 803 Addito
2025 740 2158 801 libri
2188 758 2432 802 numero
2466 739 2611 800 cita-

499 834 596 888 tur
618 828 841 887 notatio
888 828 959 888 de
1005 828 1228 905 origine
1268 826 1468 888 iudicii
1504 825 1818 904 Areopagi,
1861 845 1952 905 ap.
1987 827 2177 905 Etym,
2219 826 2316 898 M„
2349 824 2611 898 Suidam,

501 913 646 973 alios
693 931 739 972 S.
772 931 822 972 v.
848 902 1115 994 ’Ἀρειος
1142 931 1234 984 m,
1275 912 1462 990 deque
1492 910 1800 972 notissima
1842 911 1934 972 illa
1973 911 2072 971 lite
2100 912 2252 972 inter
2281 911 2522 971 Martem
2555 915 2615 970 et

501 998 820 1058 Vulcanum
851 1004 979 1057 acta
1000 999 1118 1072 39),
1159 997 1556 1074 quamsolent
1583 1013 1804 1075 ponere
1841 997 1903 1057 in
1932 1013 2116 1075 regno
2151 996 2443 1075 Cecropis.
2504 994 2612 1055 Se-

501 1082 696 1162 quitur
726 1083 1006 1160 Harpocr.
1042 1101 1090 1141 v.
1131 1076 1609 1165 Παναθήναια,
1653 1081 1825 1142 citato
1855 1081 2006 1142 libro
2038 1082 2259 1160 primo,
2309 1082 2382 1142 de
2418 1080 2614 1141 Pana-

501 1167 761 1229 thenaeis
811 1167 881 1227 ab
910 1167 1291 1227 Erichthonio
1333 1167 1605 1238 conditiS,
1652 1174 1710 1226 et
1737 1185 1789 1226 v.
1824 1160 2270 1247 Φορβάντειον
2309 1166 2381 1226 de
2421 1166 2611 1226 Phor-

502 1253 693 1326 bante,
731 1252 849 1312 filio
873 1251 1147 1331 Neptuni,
1182 1270 1353 1331 quem
1385 1251 1447 1312 in
1486 1251 1634 1312 bello
1657 1252 1955 1312 Eleusinio
1993 1252 2205 1312 occidit
2229 1251 2612 1312 Erechtheus

501 1339 690 1399 Porro
722 1337 792 1398 ad
824 1345 1091 1417 tempora
1121 1337 1295 1416 Aegei
1330 1337 1554 1398 faciunt
1586 1356 1732 1416 quae
1760 1336 2010 1398 servavit
2046 1337 2197 1398 Plut.
2227 1336 2407 1397 Thes.
2450 1355 2499 1396 c.
2538 1336 2613 1395 17

500 1423 571 1484 de
600 1423 950 1497 Minotaur0‚
980 1429 1037 1483 et
1066 1423 1137 1484 ad
1166 1441 1414 1502 regnum
1448 1422 1661 1483 Thesei
1692 1440 1838 1501 quae
1867 1422 2020 1483 idem
2053 1421 2131 1483 ib.
2163 1440 2213 1482 c.
2243 1422 2325 1482 25
2356 1422 2429 1482 de
2456 1420 2616 1480 Isth-

501 1509 635 1570 miis
669 1527 699 1569 a
730 1509 958 1569 Theseo
992 1507 1245 1569 conditis
1276 1514 1333 1568 et
1362 1527 1411 1568 o.
1443 1508 1524 1568 26
1557 1508 1629 1568 de
1657 1508 1927 1587 Antiopa,
1971 1507 2042 1568 ad
2083 1515 2356 1586 tempora
2395 1505 2613 1568 Demo-

499 1593 739 1674 phontis
774 1612 919 1672 quae
941 1599 1169 1654 exstant
1198 1612 1289 1672 ap.
1318 1593 1455 1654 Sch.
1478 1592 1679 1672 Eurip.
1712 1592 1850 1654 Hec.
1875 1611 1925 1652 v.
1961 1593 2075 1653 125
2108 1592 2179 1652 de
2199 1591 2411 1653 Aethra
2433 1590 2614 1651 Athe-

489 1698 603 1741 nas
636 1679 873 1740 reduota
914 1686 971 1739 et
1002 1696 1095 1756 ap.
1127 1677 1264 1739 Sch.
1295 1678 1433 1738 Eur.
1467 1677 1566 1739 Or.
1597 1696 1649 1737 v.
1686 1676 1867 1751 1643,
1903 1677 2004 1737 ubi
2032 1676 2298 1738 fabulosa
2328 1676 2615 1756 Areopagi

481 1763 742 1825 historia
772 1782 893 1825 uno
926 1771 1249 1842 conspectu
1278 1763 1650 1842 proponitur,
1680 1769 2017 1842 temporum
2048 1761 2225 1825 simul
2262 1761 2613 1823 indicatione

501 1849 748 1928 quadam
784 1849 1034 1923 adiecta,
1081 1847 1216 1909 loco
1249 1854 1553 1926 corrupto,
1584 1847 1681 1926 qui
1721 1847 1799 1908 ita
1840 1847 2115 1925 legendus
2158 1846 2409 1908 videtur:
2455 1841 2613 1922 περὶ

497 1930 614 2017 τῆς
660 1925 964 2016 Ὀρέστου
1017 1926 1296 2016 κρίσεως
1348 1926 1415 1995 ἐν
1457 1924 1642 2016 ,Ἀρεί
1740 1925 1938 2016 πάγῳ
1994 1923 2245 2013 ἱστορεῖ
2294 1925 2408 1993 καὶ
2444 1922 2610 1992 Ἓλλ.

419 2041 472 2078 24
497 2017 703 2080 ταῦτα
769 2011 1067 2102 γράφων·
1124 2017 1265 2093 τοῖς
1328 2011 1401 2080 ἐκ
1446 2018 1645 2079 Λακε
1693 2008 1964 2096 αίμονος
2022 2011 2301 2079 ἐλθοῦσι
2353 2009 2470 2077 καὶ
2519 2011 2616 2098 τῷ

507 2095 774 2188 Ὀρέστῃ
820 2097 884 2165 οὶ
928 2095 1283 2185 Ἀθηναῖοι
1310 2094 1569 2186 ἔφασαν
1594 2097 1794 2178 τέλος,
1842 2094 2237 2186 ἀμφοτέρων
2265 2094 2615 2163 ἐπαινούν-

496 2191 761 2264 των4θ).
824 2180 890 2249 οἱ
935 2182 1008 2249 δὲ
1050 2180 1403 2270 ,Ἀθηναῖοι
1444 2183 1565 2285 τῂν
1608 2179 1795 2270 δίκην
1835 2178 2120 2249 ἔστασαν
2147 2180 2327 2249 ἐννέα
2366 2183 2617 2267 γενεαῖς

497 2266 766 2357 ὕστερον
789 2271 819 2304 *
837 2264 1040 2356 ἶΆρης
1066 2267 1182 2334 καὶ
1204 2268 1549 2334 Ποσειδων
1576 2266 1735 2353 περὶ
1754 2263 2186 2354 Ἀλιῤῥοθίου
2217 2264 2422 2354 δίκην.
2470 2259 2616 2332 εἶτα

501 2352 810 2444 Κέφαλος
854 2350 891 2420 ὃ
936 2351 1302 2441 Δηϊονέως,
1347 2349 1516 2419 ὥστε
1557 2350 1852 2440 Πρόκριν
1892 2352 2008 2461 τῂν
2044 2347 2408 2435 Ἐρεχθέως
2450 2346 2616 2433 ἔχων

498 2445 770 2525 γυναῖκα
813 2438 929 2506 καὶ
975 2435 1400 2518 ἀποκτείνας,
1445 2436 1520 2519 ἐξ
1564 2433 1818 2526 Ἀρείου
1862 2458 2084 2522 παγου
2141 2433 2330 2524 δίκην
2370 2432 2465 2515 ὣς
2509 2437 2615 2502 δι-

497 2524 781 2603 κασθεὶς
825 2521 1046 2631 ἔφυγε,
1090 2525 1273 2610 τρισὶ
1304 2527 1554 2609 γενεαῖς
1595 2520 1881 2607 ὕστερον.
1936 2521 2102 2606 μετὰ
2148 2522 2226 2588 δὲ
2275 2520 2396 2609 τήν
2437 2526 2612 2588 Δαι-

500 2609 705 2676 δάλου
762 2606 951 2698 δίκην
1005 2610 1409 2717 αδελφιδοῦν
1462 2608 1579 2674 τὸν
1640 2606 1868 2672 Τάλων
1931 2603 2444 2685 άποκτείναντος
2496 2606 2614 2671 δο-

496 2693 712 2761 λόεντι
756 2693 1033 2784 θανάτῳ
1075 2719 1191 2761 και
1236 2692 1557 2781 φυγόντος
1601 2691 1802 2781 δίκην,
1845 2691 2027 2777 τρισὶ
2071 2695 2319 2776 γενεαῖς
2345 2688 2618 2778 ὕστερον

498 2777 657 2868 αὐτὴ
714 2778 754 2869 ἦ
820 2779 1142 2862 Τυνδαρὶς
1188 2775 1739 2867 Κλυταιμνήστρα
1782 2773 2237 2864 ,Ἀγαμέμνονα
2292 2773 2614 2842 α’ποκτεί-

497 2888 667 2931 νασα
709 2866 825 2931 καὶ
868 2863 1005 2931 ὑπὸ
1042 2863 1346 2952 Ὀρέστου
1393 2860 1865 2930 άποκταθεῖσα
1921 2862 2450 2950 συγκροτηθῆναι
2505 2857 2615 2926 δί-

498 2975 615 3058 κην
666 2951 764 3036 τῷ
814 2946 1076 3037 Ὀρέστῃ
1130 2945 1268 3014 ὑπὸ
1321 2947 1692 3032 Εὐμενίδων
1744 2945 2262 3032 παρεσκεύασεν,
2319 2941 2396 3025 ὃς
2445 2945 2616 3030 μετὰ

497 3060 612 3124 την
655 3033 873 3121 κρίσιν
916 3033 1307 3100 ἐπανελθών
1344 3028 1626 3119 Ἄργους
1667 3032 2071 3118 ἐβασίλευσε.
2128 3031 2246 3098 καὶ
2298 3027 2617 3098 ἐδίκασαν

635 3252 718 3316 39)
754 3252 895 3318 Quod
921 3253 1041 3303 dicit
1064 3254 1377 3319 Areopagum
1414 3251 1717 3319 appellatum
1750 3266 1863 3301 esse
1890 3242 1980 3301 ὅτι
2004 3248 2169 3317 ἔπηξε
2190 3245 2254 3300 τὸ
2280 3245 2421 3321 δόρυ
2444 3248 2560 3301 ἐκεῖ
2581 3245 2613 3300 ὁ

501 3313 671 3400 Ἄρης,
697 3321 811 3371 inde
838 3322 1047 3384 colligas
1071 3321 1263 3371 hastam
1291 3321 1338 3371 in
1360 3322 1625 3386 Areopago
1663 3320 1813 3370 fixam
1847 3317 2006 3369 fuisse
2043 3326 2100 3369 ut
2134 3319 2328 3382 insigne
2364 3318 2477 3370 τῶν
2503 3334 2614 3386 φο-

495 3404 683 3441 νικων.

635 3457 719 3520 40)
747 3455 895 3521 Vulg.
925 3457 983 3508 οἱ
1008 3453 1125 3509 Ἀθ.
1153 3453 1397 3526 ἔφασαν·
1422 3458 1576 3514 τέλος
1600 3454 1663 3506 δὲ
1686 3453 1832 3524 ἀμφ.
1852 3453 1943 3506 ἐπ.
1971 3453 2029 3504 οἱ
2053 3449 2241 3520 Ἀθην.
2258 3454 2371 3504 κτλ.
2392 3451 2618 3522 ἔφασαν

500 3524 670 3588 τέλος,
696 3525 739 3574 si
764 3540 937 3577 sanum
963 3533 1058 3590 est,
1085 3526 1210 3576 erit:
1239 3526 1379 3576 litem
1403 3524 1755 3575 diiudicabant.
1801 3523 1856 3574 ln
1881 3519 2232 3591 ἀμφοτέροις
2252 3523 2455 3572 videtur
2477 3521 2616 3583 eogi-

500 3594 701 3643 tandum
728 3594 787 3643 de
813 3595 874 3644 iis
902 3593 985 3660 qui
1008 3609 1117 3643 eum
1144 3593 1327 3644 Oreste
1350 3598 1600 3645 venerant
1624 3591 1777 3657 etqui
1802 3607 1911 3641 cum
1935 3590 2171 3654 Erigona,
2196 3590 2339 3641 euius
2365 3589 2414 3639 in
2439 3589 2616 3639 eadem

500 3662 789 3711 narratione
813 3663 1034 3712 meminit
1060 3661 1235 3713 Marm.
1258 3661 1373 3714 Par.
1401 3677 1481 3727 ep.
1507 3661 1590 3725 25,
1616 3674 1905 3727 quamquam
1931 3659 2204 3711 cavendum
2230 3674 2292 3709 ne
2315 3659 2471 3724 ipsam
2497 3656 2617 3707 Eri-

498 3745 677 3794 gonam
701 3729 1015 3781 collaudasse
1048 3730 1237 3780 iudices
1262 3731 1540 3796 opinemur,
1561 3745 1612 3780 v.
1637 3729 1742 3778 lex.
1766 3727 1815 3776 in
1842 3741 1890 3776 v.
1913 3722 2017 3778 αῐώ
2056 3744 2108 3778 α.
2168 3726 2353 3777 Postea
2384 3726 2616 3776 lacunam

497 3798 779 3863 significavi
803 3806 921 3849 ante
948 3794 1119 3865 Ἄρης,
1144 3799 1320 3849 deinde
1348 3791 1490 3848 ὥστε
1515 3795 1629 3847 dedi
1662 3810 1752 3860 pro
1777 3788 1948 3851 ὅστις.
2004 3794 2024 3844 l
2047 3795 2131 3846 lud
2165 3792 2329 3859 δίκην
2351 3789 2427 3850 ὡς
2449 3791 2615 3843 δικα-

500 3870 660 3923 σθείς
685 3867 801 3933 quid
826 3868 922 3917 sibi
946 3868 1075 3917 velit
1098 3867 1319 3917 ostendit
1340 3865 1572 3932 Apollod.
1598 3861 1680 3926 111,
1708 3862 1788 3927 15,
1818 3862 1841 3912 1
1880 3863 2093 3929 κριθεὶς
2123 3859 2185 3915 ἐν
2214 3857 2404 3944 Ἀρείιρ
2438 3857 2613 3929 πάγῳ

498 3931 685 4004 φυγὴν
708 3930 899 3988 ἀΐδιον
922 3929 1360 3993 καταδικάζεται.
1407 3932 1534 3983 Tum
1556 3931 1673 3982 dedi
1696 3924 1830 3996 αὐτὴ
1855 3927 1888 3996 ἡ
1913 3930 1973 3982 Τ.
1999 3946 2091 3996 pro
2115 3923 2254 3994 αὕτη
2279 3937 2334 3982 et
2357 3945 2614 3982 αποκτα-

499 4008 671 4056 θεῖσα
695 4020 784 4070 pro
804 3998 1119 4055 ἀποκτανθ.
1164 4001 1400 4053 Ceterum
1423 4008 1543 4052 nota
1567 3997 1810 4053 ἔστασαν
1830 4015 1921 4065 pro
1942 3996 2196 4064 ἔστησαν,
2223 3993 2479 4052 δολόεντι
2501 4001 2615 4048 θα-

502 4068 670 4139 νάτῳ,
698 4069 1145 4142 συγκροτηθῆναι
1168 4068 1347 4135 δίκην.
