2867 4717
1024 404 1259 457 Lesbio
1295 404 1625 461 historico.
2309 400 2374 453 25

262 577 478 641 tilioris
508 575 700 649 istiuS,
745 591 916 656 quam
951 574 1287 653 significavi,
1317 574 1779 653 fragmentorum
1807 571 2241 638 tractandorum
2280 589 2378 633 ra-

263 662 449 727 tionis
479 659 828 742 specimine3
867 660 1024 739 quod
1063 666 1128 720 ut
1164 678 1417 738 aequare
1444 659 1663 722 viribus
1702 660 1849 721 meis
1880 665 2153 737 negatum
2182 656 2375 728 fuerit,

267 749 349 811 ita
379 747 871 809 iucundissimum
901 745 1013 807 fuit
1039 763 1149 825 pro
1183 745 1329 806 virili
1358 753 1522 826 parte
1551 744 1780 807 imitari.

443 834 570 906 Qua
610 831 673 893 in
710 850 773 892 re
811 837 878 893 ut
912 831 1025 892 iam
1064 830 1321 910 primum
1369 849 1516 910 quae
1559 831 1630 892 de
1668 831 1781 892 vita
1822 828 2096 891 Hellanici
2133 828 2382 890 maxime

267 920 568 999 explorata
617 917 886 979 videntur
928 916 1128 996 paucis
1179 922 1458 997 repetam,
1510 916 1959 979 consentiuntur
1999 931 2205 976 omnes
2247 932 2380 975 eum

264 1004 675 1083 Mitylenaeum
704 1002 905 1064 fuisse.
955 1002 1038 1063 De
1068 1009 1251 1064 aetate
1281 1001 1333 1064 si
1363 1020 1635 1082 quaeraS,
1677 1000 1890 1063 multae
1929 1007 2245 1063 occurrunt
2273 999 2386 1061 du-

264 1088 603 1160 bitationeS,
639 1107 783 1168 quae
811 1093 1012 1149 tamen
1043 1087 1183 1150 satis
1214 1105 1372 1149 nunc
1400 1105 1683 1150 excussae
1711 1093 1851 1149 sunt
1877 1106 1908 1146 a
1938 1085 2076 1147 viris
2108 1085 2384 1146 doctissi-

265 1174 407 1246 miS‚
440 1173 694 1235 maxime
722 1193 754 1235 a
784 1172 1147 1235 Dahlmanno
1180 1179 1238 1235 et
1263 1173 1557 1253 Kruegero
1579 1176 1656 1251 4).
1726 1173 1933 1234 Narrat
1962 1172 2116 1233 enim
2148 1190 2216 1232 ex
2246 1169 2383 1232 Hel-

266 1259 459 1321 lanico
493 1258 697 1332 Schol.
715 1258 1011 1338 Aristoph.
1036 1258 1180 1319 Ran.
1204 1278 1257 1319 V.
1285 1259 1406 1319 705
1432 1259 1587 1340 quod
1612 1261 1828 1322 factum
1854 1265 1944 1319 est
1965 1263 2106 1337 post
2125 1274 2384 1337 pugnam

268 1345 344 1406 ad
375 1344 700 1422 Arginusas
732 1343 820 1404 Ol.
854 1342 955 1417 93,
990 1336 1031 1404 3⁸
1058 1344 1116 1404 h.
1149 1364 1196 1407 e.
1229 1363 1277 1406 a.
1309 1345 1434 1405 406
1467 1364 1515 1407 a.
1547 1343 1681 1405 Chr.
1723 1343 2128 1415 commissam,
2168 1349 2236 1404 ut
2277 1360 2384 1422 pa-

268 1436 388 1491 teat
433 1448 570 1490 eum
620 1430 737 1491 hoc
788 1447 944 1490 anno
998 1429 1372 1509 superstitem
1411 1430 1611 1492 fuisse.
1672 1430 1823 1491 Vixit
1859 1446 2048 1490 annos
2090 1426 2386 1506 octoginta

269 1515 548 1595 quinque,
586 1522 736 1576 teste
763 1513 1020 1575 Luciano
1060 1514 1119 1575 in
1145 1514 1466 1593 Longaevis
1501 1535 1547 1578 c.
1580 1516 1681 1589 22,
1722 1522 1892 1577 natus
1921 1533 2057 1575 vero
2100 1519 2191 1575 est
2227 1531 2384 1575 anno

265 1600 513 1662 victoria
545 1600 749 1680 aliqua,
783 1600 938 1679 quod
969 1598 1164 1679 ipsum
1196 1618 1414 1663 nomen
1444 1597 1720 1662 Hellanici
1751 1598 2092 1677 declarat5),
2121 1617 2259 1678 prae
2288 1617 2385 1659 ce-

268 1686 419 1747 teris
447 1685 648 1747 nobili.
712 1686 899 1759 Quem
931 1702 1150 1747 annum
1182 1688 1479 1765 quaerenti
1510 1686 1663 1748 ultro
1707 1687 1947 1747 offertur
1984 1684 2387 1746 testimonium

271 1770 535 1833 auctoris
565 1772 714 1833 vitae
741 1769 1113 1849 Euripideae,
1151 1771 1249 1850 qui
1278 1789 1397 1832 uno
1431 1772 1752 1851 eodemque
1795 1771 1886 1832 die
1923 1770 2262 1851 Euripidem
2297 1776 2386 1830 at-

271 1875 386 1935 que
418 1855 778 1918 Hellanicum
808 1855 868 1916 in
895 1856 1086 1917 lucem
1117 1856 1305 1918 editos
1335 1876 1469 1917 esse
1501 1857 1693 1930 refert,
1732 1875 1929 1936 pugna
1957 1856 2049 1916 illa
2081 1854 2390 1916 Salaminia

269 1941 673 2016 faustissime,
715 1957 885 2019 quam
918 1940 1281 2002 notationem
1312 1959 1387 2002 ne
1418 1962 1489 2002 ex
1516 1942 1757 2003 nomine
1787 1942 1983 2002 fictam
2014 1939 2270 2021 opineris
2300 1939 2389 2000 fa-

273 2027 370 2101 cit,
406 2027 565 2106 quod
605 2026 825 2105 optime
855 2025 941 2087 sic
971 2033 1157 2088 cetera
1200 2027 1560 2107 conspirant,
1599 2025 1961 2106 Pamphilam
1982 2028 2040 2102 6)
2082 2044 2218 2087 vero
2252 2023 2389 2086 Sui-

272 2112 485 2174 damve
517 2112 567 2172 si
597 2110 876 2191 sequariS,
914 2111 1060 2173 ratio
1091 2130 1339 2189 prorsus
1368 2111 1646 2192 impedita
1684 2112 1927 2174 exsistit.
1999 2111 2170 2173 Vides
2211 2110 2388 2189 igitur
2411 2139 2439 2178 4

270 2204 482 2259 natum
511 2195 696 2257 fuisse
725 2195 1007 2258 Nostrum
1041 2196 1130 2258 Ol.
1150 2198 1249 2271 75,
1280 2198 1336 2270 1,
1366 2216 1415 2258 a.
1449 2198 1592 2271 480,
1624 2204 1690 2260 ut
1718 2199 1975 2278 quinque
1999 2197 2170 2259 annis
2194 2197 2388 2257 iunior

268 2282 452 2343 fuerit
479 2281 801 2356 Herodoto,
830 2288 1131 2343 mortuum
1164 2301 1294 2343 esse
1324 2282 1411 2343 Ol.
1445 2283 1545 2355 96,
1578 2283 1636 2356 2,
1671 2302 1720 2345 a.
1756 2283 1897 2344 395.
1958 2282 2174 2361 Tetigit
2215 2281 2390 2360 igitur

269 2375 547 2446 tempora
573 2367 668 2428 illa
692 2366 937 2445 ingeniis
962 2374 1133 2447 atque
1158 2367 1369 2448 opibus
1393 2368 1825 2440 florentissima,
1850 2368 1948 2429 ubi
1970 2367 2220 2447 repulsis
2244 2367 2390 2427 Per-

274 2452 359 2514 sis
392 2452 638 2514 mirifice
667 2451 1023 2513 Graecorum
1061 2471 1159 2513 res
1200 2453 1583 2515 effloruerunt
1624 2454 1988 2533 maximeque
2037 2453 2211 2515 valuit
2257 2470 2389 2513 res-

270 2537 510 2618 publica
537 2537 1001 2609 Atheniensium,
1042 2555 1189 2616 quae
1230 2538 1374 2600 adeo
1416 2558 1556 2601 mox
1586 2539 1863 2601 litteratis
1889 2538 2230 2600 hominibus
2270 2537 2388 2598 fre-

274 2640 466 2703 quens
520 2629 670 2695 erat,
721 2629 788 2683 ut
824 2617 901 2684 τὸ
944 2621 1337 2704 πρυτανεῖον
1378 2620 1497 2707 τῆς
1541 2619 1785 2707 σοφίας
1827 2624 2107 2704 apelletur
2145 2623 2391 2702 Hippiae

272 2708 602 2783 Platonico,
633 2706 865 2787 Protag.
899 2725 957 2787 p.
993 2707 1135 2768 337.
1166 2709 1233 2783 D,
1268 2727 1380 2789 qua
1421 2710 1590 2770 laude
1621 2716 1755 2770 ante
1789 2708 1935 2770 bella
1964 2708 2199 2770 Persica
2242 2725 2391 2768 con—

272 2793 515 2874 spicuae
541 2792 771 2855 fuerant
797 2792 1044 2866 MiletuS,
1079 2792 1291 2855 Samos
1323 2794 1582 2874 aliaeque
1612 2793 1867 2856 civitates
1892 2793 2193 2854 Asiaticae.
2246 2793 2391 2867 Qui-

273 2878 394 2940 bus
425 2878 654 2941 etiamsi
683 2878 933 2958 primam
959 2878 1281 2940 litterarum
1306 2878 1735 2941 institutionem
1763 2879 2026 2962 debuerit
2047 2879 2390 2960 primosque

276 2964 450 3027 etiam
500 2964 828 3027 studiorum
877 2963 1105 3026 fructus
1157 2963 1500 3026 dedicaverit
1536 2964 1886 3039 Hellanicus,
1927 2972 2126 3026 tamen
2165 2972 2390 3026 mature

415 3130 465 3192 4)
494 3130 767 3182 Dahlmann
791 3132 839 3181 in
867 3139 1085 3199 quaestt.
1119 3133 1181 3182 de
1213 3131 1489 3195 Herodoto,
1521 3132 1875 3197 Forachungen
1908 3131 2000 3184 auf
2016 3135 2065 3184 d.
2094 3132 2304 3184 Gebiete
2338 3137 2386 3185 d.

279 3197 585 3249 Geschichte
607 3197 668 3260 Π,
709 3200 731 3249 1
772 3216 821 3265 p.
851 3199 972 3262 1223
995 3198 1229 3264 Rrueger
1252 3202 1300 3251 in
1326 3203 1431 3253 vita
1456 3201 1763 3269 Thucydidis
1788 3218 1837 3267 p.
1862 3201 1943 3251 28.

417 3267 466 3330 5)
503 3261 830 3330 Ἑλλάνικος,
857 3285 962 3318 com
999 3268 1180 3318 ositum
1202 3269 1264 3319 ab
1284 3264 1476 3326 Ἑλλάς
1510 3276 1563 3319 et
1586 3268 1738 3333 νικῶ,
1763 3284 1809 3319 v.
1836 3285 2053 3320 canones
2079 3269 2389 3332 Theoguosti

277 3350 357 3401 ap.
384 3332 592 3385 Cramer
613 3336 803 3385 Anecd.
828 3334 917 3387 Gr.
987 3337 1052 3386 ol.
1071 3335 1132 3400 11,
1152 3352 1200 3401 p.
1225 3337 1307 3400 59,
1326 3337 1418 3401 30;
1443 3337 1643 3388 Lobeck
1662 3338 1723 3387 ad
1744 3337 2008 3404 Phrynich.
2029 3354 2074 3404 p.
2094 3337 2221 3399 6703
2244 3336 2389 3401 [Mei-

174 3443 181 3452 .
276 3403 406 3454 neke
426 3402 605 3453 histor.
627 3404 788 3454 critic.
808 3405 979 3456 comic.
1000 3419 1167 3468 graec.
1188 3422 1234 3471 p.
1257 3404 1372 3456 249.
1411 3406 1583 3456 Simile
1609 3420 1784 3455 nomen
1806 3406 2072 3456 Lesbonici
2087 3407 2215 3474 apud
2236 3406 2389 3457 Plau-

276 3478 382 3522 tum
406 3470 700 3536 Trinumm.]

415 3538 466 3603 6)
506 3539 787 3605 Pamphilae
811 3555 889 3606 ap.
911 3538 1041 3590 Gell.
1065 3541 1127 3592 N.
1152 3539 1212 3591 Α.
1235 3539 1352 3605 XV,
1378 3540 1443 3591 23
1471 3557 1629 3606 nuper
1646 3541 1987 3606 patrocinatus
2014 3550 2096 3593 est
2120 3541 2388 3593 Goellerus

276 3608 327 3658 in
353 3607 461 3657 vita
494 3606 827 3674 Thucydidis,
861 3623 1019 3658 novae
1053 3607 1276 3674 Thucyd.
1313 3609 1520 3659 editioni
1554 3610 1828 3675 praemissa
1861 3627 1909 3677 p.
1938 3611 1995 3673 93
2036 3627 2179 3676 quem
2214 3618 2387 3661 contra

276 3676 479 3744 acriter·
492 3675 767 3740 disputavit
784 3674 1016 3739 Rrueger
1034 3676 1080 3725 in
1099 3677 1272 3727 libello
1292 3677 1533 3742 inscripto
1555 3677 1920 3742 Epikritischer
1937 3678 2191 3742 Nachtrag
2211 3696 2273 3729 zu
2295 3681 2387 3728 den

276 3742 727 3806 Untersuchungen
753 3744 833 3794 iib.
861 3745 907 3794 d.
935 3743 1055 3795 Leb.
1081 3746 1127 3795 d.
1157 3744 1387 3812 Thukyd.
1411 3746 1580 3795 Berlin
1610 3745 1756 3796 1839.
1800 3748 1875 3797 Ad
1901 3747 2100 3798 Suidam
2124 3748 2251 3813 quod
2271 3746 2390 3796 atti-

276 3818 379 3872 net,
414 3811 617 3861 videtur
641 3809 925 3863 confudisse
951 3813 1046 3863 duo
1074 3814 1385 3863 diversorum
1410 3814 1749 3864 litteratorum
1773 3815 1969 3878 iudicia,
2003 3831 2208 3881 quorum
2240 3815 2390 3864 alteri

277 3878 592 3929 Hellanicum
624 3880 916 3930 statuebant
948 3896 1209 3947 supparem
1241 3879 1396 3932 fuisse
1422 3882 1673 3932 Hecataeo
1707 3890 1856 3949 atque
1880 3884 2128 3950 Amyntae
2156 3883 2196 3945 l,
2239 3882 2390 3933 alteri

277 3954 414 3997 recte
441 3947 721 3997 censebant
744 3947 1068 4013 Hellanicum,
1095 3949 1417 4012 Herodotum,
1444 3949 1751 4016 Euripidem,
1778 3951 2071 4017 Sophoclem
2096 3950 2266 4000 eadem
2301 3967 2390 4001 ae-

278 4021 380 4064 tate
415 4016 670 4077 floruisse,
703 4017 750 4068 h.
776 4032 821 4065 e.
857 4017 1162 4083 temporibus
1197 4017 1466 4069 Perdiccae
1497 4017 1557 4069 11.
1623 4018 1741 4070 Noli
1783 4020 1937 4082 igitur
1979 4018 2242 4069 emendare
2281 4036 2391 4070 cum

279 4080 505 4133 clintone
531 4082 591 4134 F.
618 4083 676 4134 Η.
704 4082 820 4135 Vol.
842 4083 902 4135 11.
936 4101 985 4151 p.
1012 4084 1105 4135 371
1147 4087 1226 4136 ed.
1263 4101 1365 4136 sec.
