2867 4717
1029 444 1258 496 Lesbio
1294 446 1626 497 historico.
2312 446 2376 496 47

261 629 381 691 que
411 610 517 673 Coi
548 610 875 689 originibus
902 611 1203 690 proditum
1232 617 1374 686 erat,
1405 610 1737 673 adiunxeris
1767 629 1915 691 quae
1938 612 2009 673 de
2033 611 2124 673 his
2147 617 2380 673 exstant

264 715 362 776 ap.
396 696 532 758 Sch.
564 696 734 758 Pind.
766 695 854 758 01.
889 697 1005 771 VII,
1041 697 1158 758 135
1191 704 1250 759 et
1277 696 1481 775 Steph.
1511 698 1574 758 B.
1606 716 1657 757 v.
1689 688 1934 779 Καρία.
1997 696 2109 757 Sed
2142 697 2377 759 alteram
2493 754 2502 762 .

264 781 478 843 deinde
508 781 801 844 coloniam
829 782 1057 843 Lesbos
1089 783 1312 861 accepit
1340 789 1482 861 post
1510 782 1750 854 Troica,
1790 781 1890 843 ubi
1930 781 2175 843 ducibus
2208 783 2381 843 Tisa-

261 885 463 941 meno,
495 866 781 938 Penthsso,
812 866 938 929 aliis
969 867 1173 930 Aeoles
1204 867 1465 948 primum
1494 866 1647 928 illam
1677 867 1958 940 insulam,
1989 868 2198 928 deinde
2226 873 2379 928 Aeo-

261 951 439 1014 lidem
471 967 618 1031 quae
646 951 781 1013 inde
802 952 1217 1015 nominabatur
1246 952 1546 1031 petebant3
1577 952 1647 1013 de
1677 971 1790 1031 qua
1813 971 1877 1013 re
1899 952 2232 1014 Hellanicus
2255 952 2381 1013 lau-

264 1036 440 1098 datur
475 1056 569 1138 ap.
612 1037 751 1098 Sch.
787 1036 957 1099 Pind.
988 1039 1152 1100 Nem.
1185 1037 1290 1110 XI,
1330 1037 1411 1099 43
1466 1031 1624 1121 περὶ
1669 1032 1742 1099 δὲ
1782 1038 1900 1120 τῆς
1938 1029 2241 1118 Ὀρέστου
2288 1028 2384 1111 εἷς

260 1117 386 1205 τήν
428 1114 738 1184 Αιολίδα
766 1114 1092 1198 ἀποικίας
1126 1115 1295 1186 Ἓλλ.
1339 1116 1409 1186 ἐν
1443 1118 1541 1205 τῷ
1585 1114 1831 1206 πρώτῳ
1875 1114 2225 1184 Αἶολικῶν
2269 1118 2381 1183 ὄε-

264 1200 575 1290 δήλωκεν,
634 1215 692 1268 et
734 1226 828 1286 ap.
877 1207 979 1269 Tz.
1025 1208 1096 1269 ad
1140 1207 1432 1289 Lycophr.
1479 1227 1531 1268 v.
1582 1208 1744 1269 1374
1797 1202 1881 1268 τοὶ
1935 1201 2009 1268 δὲ
2061 1202 2220 1288 περὶ
2261 1209 2382 1291 τῆς

264 1283 599 1365 ἀποικίας
640 1286 917 1373 Λέσβου
965 1284 1131 1354 ’EM
1191 1285 1227 1355 ὁ
1269 1286 1581 1372 Λέσβιος
1626 1283 1875 1374 ἱστορεῖ
1914 1286 1981 1353 ἐν
2027 1286 2086 1352 α’
2129 1284 2380 1354 Αἰολι-

262 1373 414 1452 κῶν,
462 1376 616 1438 unde
662 1384 820 1456 patet
862 1378 1090 1439 Aeolica
1132 1384 1192 1438 et
1241 1377 1485 1439 Lesbica
1527 1378 1735 1438 eodem
1776 1377 2072 1438 volumine
2117 1378 2381 1455 exposita

259 1460 472 1523 fuisse.
539 1462 749 1523 Mirum
796 1463 954 1542 quod
1001 1463 1275 1524 narrabat
1314 1463 1585 1525 Orestem
1625 1462 1820 1541 ipsum
1863 1463 2198 1540 pervenisse
2236 1463 2380 1522 Les-

260 1546 429 1620 bum,
471 1553 673 1608 contra
715 1565 889 1627 quarn
934 1548 1174 1610 tradunt
1213 1547 1531 1623 ceteri50),
1571 1566 1625 1607 v.
1668 1567 1759 1626 ap.
1792 1547 1894 1607 Tz.
1923 1548 1959 1607 1.
1992 1567 2041 1607 c.
2079 1538 2384 1630 Ὀρέστης

264 1626 550 1708 συνάξας
592 1626 666 1694 ἐκ
712 1625 1054 1716 διαφόρων
1095 1627 1313 1697 ἐθνῶν
1349 1629 1546 1705 λαούς
1586 1666 1671 1677 -
1714 1618 1923 1715 ἦλθεν
1967 1624 2062 1705 εἷς
2103 1627 2383 1710 Λέσβον

262 1711 385 1778 καὶ
429 1708 627 1790 αὐτὸς
669 1712 787 1797 μὲν
812 1713 974 1795 ταχὺ
1019 1709 1390 1780 ἀποθανών
1418 1711 1622 1778 πόλιν
1662 1708 1891 1778 κτίσαι
1936 1708 2052 1778 οὐκ
2080 1708 2378 1800 ἠδυνήθη

261 1798 423 1876 xvh,
470 1801 571 1863 ubi
600 1802 781 1864 habes
811 1802 965 1863 idem
995 1803 1131 1865 illud
1163 1803 1422 1865 studium
1453 1821 1547 1864 res
1581 1821 1754 1882 quam
1777 1801 2215 1881 antiquissimas
2244 1800 2381 1863 red-

264 1886 445 1948 dendi
474 1888 893 1968 vetustatisque
922 1888 1190 1950 heroicae
1218 1888 1474 1967 speciem
1507 1888 1682 1949 etiam
1713 1887 1802 1959 iis,
1832 1905 1979 1967 quae
2002 1887 2114 1947 iam
2139 1886 2267 1964 ipsa
2289 1885 2382 1946 hi-

262 1972 449 2033 storia
480 1971 595 2033 sibi
623 1972 911 2035 vindicare
939 1980 1188 2052 poterat,
1219 1972 1573 2034 effundendi.
1629 1973 1933 2034 Praeterea
1962 1971 2204 2032 Lesbica
2232 1970 2380 2031 libro

262 2057 465 2138 primo
500 2057 751 2120 citantur
779 2076 866 2139 ap.
903 2059 1106 2137 Steph.
1140 2059 1203 2119 Β.
1237 2077 1286 2119 v.
1319 2050 1671 2130 Μαλλόεις
1700 2057 1771 2118 de
1801 2056 2039 2118 nomine
2068 2057 2179 2117 loci
2207 2056 2383 2136 Myti-

263 2142 417 2203 lenis
449 2141 641 2215 vicini,
674 2143 960 2222 Apollinis
990 2143 1268 2222 religione
1298 2142 1513 2222 inclyti,
1544 2148 1602 2203 et
1629 2161 1721 2221 ap.
1754 2138 2003 2203 eundem
2033 2161 2084 2202 v.
2126 2137 2381 2225 Τράγα-

264 2245 406 2303 σαι,
437 2227 595 2305 quod
629 2227 913 2307 oppidum
943 2229 1003 2289 in
1035 2224 1379 2304 Troade51)
1413 2229 1590 2289 situm
1624 2234 1772 2300 erat,
1820 2226 2020 2289 salinis
2059 2227 2377 2298 famosum,

263 2331 412 2392 quas
436 2313 694 2391 Tragaso
719 2314 1027 2392 Neptunus
1060 2332 1437 2393 comparasse
1465 2313 1816 2386 tradebatur,
1848 2311 2015 2374 cuius
2039 2312 2213 2373 filiam
2241 2312 2379 2372 Phi-

263 2397 588 2458 lonomiam
620 2398 848 2459 amabat
877 2398 1094 2471 Tenus»,
1128 2418 1176 2459 v.
1209 2399 1397 2478 Etym.
1430 2399 1505 2459 M.
1536 2417 1590 2458 v.
1630 2391 2019 2478 Τραγάσιον,
2060 2396 2265 2458 Pollux
2289 2396 2380 2470 VI,

267 2482 369 2556 63,
401 2483 475 2544 al.
506 2483 765 2544 Alterum
794 2483 1008 2544 librum
1029 2484 1225 2545 laudat
1254 2484 1457 2561 Steph.
1488 2484 1553 2544 B.
1586 2502 1639 2542 v.
1668 2479 1906 2566 Νάπη,
1949 2483 2019 2543 de
2060 2482 2278 2560 oppido
2322 2481 2381 2542 in

266 2586 409 2645 agro
449 2567 992 2648 Methymnaeam.
1069 2569 1155 2630 Ad
1200 2568 1475 2629 inferiora
1519 2574 1790 2646 tempora
1828 2574 2053 2647 spectat
2092 2568 2248 2646 quod
2288 2586 2379 2645 ap.
2410 2593 2462 2632 30

267 2652 485 2713 Zenob.
517 2652 690 2713 Prov.
725 2654 786 2729 V,
820 2654 895 2714 61
931 2653 1004 2713 de
1043 2653 1177 2714 fatis
1209 2654 1448 2714 Pitanae
1476 2652 1733 2713 Aeolidis
1765 2652 2090 2713 secundum
2122 2651 2381 2713 Hellani-

268 2755 406 2798 cum
446 2736 785 2811 adnotatur,
837 2732 1003 2820 φησὶ
1049 2733 1169 2822 γάρ
1215 2729 1413 2821 αὐτὴν
1456 2728 1594 2797 ὑπὸ
1637 2731 1999 2816 Πελασγῶν
2043 2728 2383 2816 ἀνδραπο-

270 2818 601 2904 δισθῆναι
643 2816 760 2884 καὶ
803 2816 1012 2883 πάλιν
1052 2816 1188 2883 ὑπὸ
1223 2813 1637 2904 ’Ἐρυθραίων
1679 2816 2235 2903 ἒλευθερωθῆναι,
2280 2821 2382 2882 ubi

269 2908 424 2986 apud
455 2907 601 2970 alios
634 2914 900 2969 auctores
929 2908 1122 2969 editur
1142 2898 1538 2991 Ἐρετριέων,
1568 2925 1620 2966 v.
1652 2905 1826 2967 Sturz
1854 2923 1914 2984 p.
1947 2906 2083 2965 115.
2127 2905 2385 2984 Denique

270 2992 342 3053 ad
373 2992 532 3052 idem
564 3010 716 3071 opus
745 2993 1014 3055 retuleris
1036 2993 1374 3055 testimonia
1395 2991 1673 3053 Hellanici
1698 3011 1790 3071 ap.
1816 2990 2018 3070 Steph.
2044 2991 2105 3051 B.
2131 3010 2181 3052 v.
2209 2986 2380 3070 Γάρ-

270 3094 443 3158 γαρα
470 3084 531 3138 et
552 3071 847 3154 Μέταον,
878 3084 939 3140 et
965 3079 1038 3141 de
1058 3085 1212 3139 Asso
1243 3078 1314 3140 ab
1346 3078 1620 3139 Aeolibus
1644 3076 1877 3139 condita
1899 3095 1992 3156 ap.
2018 3076 2211 3138 Strab.
2229 3076 2378 3148 XIII,

1145 3331 1190 3365 c.
1226 3314 1500 3366 Persica.

439 3417 569 3479 Hoc
609 3434 787 3496 opere
825 3415 936 3478 etsi
977 3416 1334 3479 Graecorum
1373 3417 1624 3479 maxime
1659 3416 1882 3480 fabulas
1923 3424 2157 3480 secutus
2194 3418 2385 3494 fuerit,

269 3510 469 3563 tamen
498 3517 647 3582 quae
669 3502 740 3563 de
762 3502 993 3581 regibus
1017 3503 1393 3582 Assyriorum
1423 3510 1483 3564 et
1498 3505 1807 3565 Persarum
1829 3504 2137 3566 traduntur
2160 3522 2227 3565 ex
2250 3503 2381 3583 ipso

274 3639 331 3646 -
344 3641 365 3646 -
388 3639 675 3647 ——W-..OE—

409 3702 494 3768 50)
522 3703 596 3754 De
619 3719 677 3755 re
711 3701 776 3757 cf.
804 3704 864 3757 0.
892 3704 1110 3757 Mueller
1128 3706 1357 3757 Orchom.
1383 3721 1431 3772 p.
1451 3706 1549 3756 477
1575 3714 1630 3757 et
1652 3707 1806 3757 Plebn
1832 3706 1981 3758 Lesb.
2005 3723 2053 3774 p.
2086 3707 2152 3756 36
2164 3722 2237 3771 sq.
2284 3706 2384 3756 Lo-

273 3756 447 3837 cuples
484 3773 546 3823 de
579 3774 753 3823 eadem
788 3774 984 3824 colonia
1016 3775 1164 3825 testis
1196 3782 1279 3825 est
1302 3775 1490 3825 Demon
1526 3776 1587 3826 de
1611 3790 1753 3841 prov.
1780 3773 2014 3844 ἔσχατος
2036 3774 2276 3838 Μυσῶν,
2301 3790 2380 3840 ap.

271 3839 390 3890 Seh.
415 3837 534 3892 Vat.
558 3840 680 3891 Eur.
704 3841 858 3892 Rhea.
880 3859 930 3893 v.
956 3841 1074 3892 248.

300 3965 307 3972 .
410 3908 496 3971 51)
523 3906 616 3972 [cf.
641 3908 879 3960 Meinekii
902 3911 1128 3961 analecta
1152 3911 1499 3962 Alexandrina
1520 3927 1569 3978 p.
1601 3909 1732 3974 129.]

411 3975 495 4037 52)
525 3974 616 4040 [cf.
643 3977 987 4043 Strabon.1X,
1013 3979 1175 4044 p.426
1213 3973 1402 4049 ὥσπερ
1435 3981 1530 4030 καὶ
1552 3975 1726 4044 Νάπη
1754 3977 1812 4030 ἔν
1835 3980 1913 4046 τῷ
1940 3972 2112 4030 Μεθὺ
2161 3994 2257 4041 νης
2279 3994 2384 4031 πε-

272 4039 399 4109 δίῳ,
442 4036 510 4108 ἢν
537 4039 854 4104 Ἑλλάνικος
891 4040 1113 4114 ἀγνοῶν
1153 4043 1373 4112 Λάπην
1413 4043 1691 4117 ὀνομάζει.
1753 4046 1968 4099 Videtur
1990 4046 2110 4097 Stra
2143 4063 2172 4097 o
2198 4048 2383 4100 vitioso

273 4111 509 4177 exemplo
533 4113 832 4180 scriptorum
856 4115 1100 4167 Hellanici
1121 4131 1245 4167 usus
1271 4118 1422 4179 csse]
2435 4113 2440 4118 ¹
