2867 4717
461 369 529 419 40
1284 366 1366 415 De
1402 365 1726 415 Hellanico

461 538 574 597 les:
609 552 755 615 quae
787 536 1002 597 cadunt
1030 534 1088 595 in
1121 539 1532 612 argumentum
1560 531 1922 611 Aethiopidis
1942 534 2063 609 ³2).
2117 532 2398 611 Sequitur
2427 551 2575 613 quae

463 622 521 681 in
552 622 656 681 lliu
686 620 986 681 Persidem
1018 619 1220 681 incidit
1248 619 1501 680 narratio
1536 618 1606 678 de
1634 618 1770 695 fuga
1798 617 2041 692 Aeneae,
2080 618 2246 679 cuius
2280 635 2574 681 summam

465 706 712 767 servavit
739 706 976 784 Dionys,
1010 705 1135 765 Hal.
1169 705 1231 764 A.
1262 703 1330 763 R.
1361 704 1406 775 Ι,
1440 723 1487 764 c.
1514 703 1615 773 46,
1649 704 1728 763 47
1759 723 1818 782 p.
1854 703 2185 764 114—120
2217 702 2307 763 ed.
2347 703 2573 779 Reiske‚

465 790 747 870 optimam
786 790 912 851 eius
950 788 1281 850 traditionis
1321 790 1497 848 fidem
1548 807 1679 848 esse
1718 788 1934 859 dicenS,
1994 774 2050 870 ᾧ
2093 782 2403 870 κέχρηται
2444 785 2575 850 τῶν

463 871 769 937 παλαιῶν
813 868 1237 957 συγγραφέων
1281 865 1656 946 Ἑλλάνικος
1696 866 1765 934 ἐν
1805 871 1946 945 τοῖς
1997 870 2331 956 Τρωϊκοῒς.
2416 873 2571 935 Infe-

462 961 619 1022 riore
648 960 790 1021 urbe
821 961 891 1020 ab
914 960 1159 1019 Achaeis
1189 965 1356 1038 capta
1383 960 1601 1019 Aeneas
1627 977 1761 1019 cum
1784 957 2068 1019 Dardanis
2093 965 2150 1018 et
2171 966 2336 1036 parte
2358 958 2573 1020 Troia-

462 1064 678 1106 norum
734 1052 979 1123 occupat
1020 1062 1241 1118 arcem3
1282 1044 1690 1123 propelluntur
1724 1044 1948 1103 hostes.
2015 1042 2275 1103 Instante
2313 1042 2571 1122 periculo

463 1131 718 1208 primum
750 1129 1032 1190 emittitur
1069 1136 1225 1189 aetas
1266 1128 1545 1200 imbellis3
1586 1128 1793 1188 deinde
1820 1127 1970 1204 fugit
2007 1127 2135 1207 ipse
2173 1129 2397 1188 Aeneas
2445 1147 2576 1189 cum

461 1214 774 1276 lectissima
803 1233 981 1275 manu
1015 1214 1279 1274 militum.
1313 1214 1606 1275 ‘Evaditur
1633 1214 1694 1273 in
1717 1211 2109 1274 munitissima
2138 1212 2264 1274 loca
2292 1212 2445 1288 Idae,
2474 1232 2578 1274 eo-

465 1301 717 1379 demque
749 1306 1177 1378 congregantur
1208 1298 1483 1378 quidquid
1517 1316 1626 1377 per
1666 1316 1764 1358 eas
1804 1297 2072 1376 regiones
2114 1305 2417 1377 supererat
2453 1298 2579 1376 pri-

465 1386 754 1446 stinorum
786 1384 1126 1445 incolarum.
1190 1384 1483 1462 Urgentur
1510 1384 1581 1445 ab
1611 1382 1884 1456 Achaeis3
1913 1383 1979 1443 fit
2005 1382 2219 1461 pacti0,
2261 1390 2327 1443 ut
2354 1384 2578 1444 Aeneas

464 1489 598 1532 cum
633 1470 812 1531 sociis
845 1469 1072 1530 castella
1102 1469 1323 1529 montis
1356 1469 1491 1530 Idae
1523 1486 1779 1547 opesque
1809 1468 1868 1528 in
1890 1467 2306 1545 fuga-servatas
2328 1467 2583 1529 traderet

461 1555 723 1627 AchaeiS,
757 1555 968 1615 Achaei
998 1572 1136 1614 vero
1168 1553 1276 1614 illis
1307 1561 1434 1615 tuto
1468 1552 1803 1614 discedendi
1835 1552 2063 1631 copiam
2102 1552 2378 1613 facerent.
2444 1553 2580 1615 Mit-

458 1640 601 1701 titur
629 1640 914 1700 Ascanius
944 1639 1005 1698 in
1035 1639 1377 1718 Phrygiam,
1414 1638 1573 1701 unde
1613 1645 1819 1718 postea
1860 1637 2047 1698 redux
2085 1655 2219 1698 cum
2248 1637 2579 1699 Hectoridis

464 1724 878 1804 superstitibus
911 1723 1148 1791 Troiam
1179 1730 1502 1803 recuperat.
1562 1723 1786 1784 Aeneas
1839 1741 1974 1784 cum
2011 1722 2251 1801 reliquis
2290 1722 2484 1784 liberis
2523 1731 2581 1785 et

464 1817 631 1889 patre
662 1817 719 1870 et
748 1810 991 1870 deorum
1023 1808 1347 1870 simulacris
1376 1809 1822 1888 Hellespontum
1851 1807 2076 1869 traiecit
2102 1814 2162 1868 et
2197 1806 2259 1867 in
2287 1807 2575 1870 Pallenam

460 1895 597 1956 inde
627 1894 995 1973 peninsulam
1024 1894 1329 1972 navigavit,
1361 1894 1454 1955 cui
1482 1893 1667 1956 vicina
1695 1900 1819 1955 erat
1845 1911 1989 1972 gens
2014 1892 2263 1954 Crusaea
2282 1894 2306 1933 3
2324 1894 2399 1969 3),
2433 1911 2580 1974 quae

461 1979 857 2040 fidelissimam
891 1978 1157 2039 omnium
1191 1979 1491 2040 sociorum
1534 1997 1770 2058 operam
1811 1978 1872 2039 in
1911 1977 2059 2038 bello
2101 1977 2357 2057 gerendo
2396 1995 2578 2041 nava-

462 2072 638 2125 verat.
709 2064 807 2123 Sic
843 2063 1175 2124 Hellanicus
1219 2083 1345 2124 rem
1394 2064 1679 2139 narravit3
1731 2082 1848 2141 quo
1901 2063 2201 2124 referenda
2252 2064 2577 2125 criminatio

465 2148 772 2209 Strabonis
804 2147 951 2221 XIII,
994 2167 1050 2226 p.
1083 2148 1205 2209 602
1256 2142 1425 2209 Ἑλλ.
1476 2143 1552 2209 δὲ
1594 2142 2022 2228 χαριζόμενος
2078 2148 2223 2221 τοῖς
2254 2138 2578 2224 Ἰλιεῦσιν,

383 2255 436 2291 22
469 2219 612 2306 οἷος
669 2225 706 2294 ὁ
763 2225 1009 2294 ἐκείνου
1053 2228 1425 2311 μῦθος34),
1486 2233 1822 2318 συνηγορεῖ
1861 2230 1958 2317 τῷ
2007 2228 2123 2316 τὴν
2166 2224 2365 2315 αὐτὴν
2407 2220 2579 2297 εἶναι

465 2311 666 2379 πόλιν
708 2312 825 2400 τήν
866 2312 974 2378 νῦν
1015 2318 1100 2400 τῇ
1140 2312 1310 2395 τότε,
1366 2336 1513 2397 quae
1550 2325 1890 2398 repetuntur
1933 2317 2005 2379 ab
2045 2318 2349 2380 Eustathio
2390 2319 2462 2380 ad
2510 2319 2576 2381 Il.

463 2422 520 2482 p.
556 2403 711 2477 4603
745 2402 956 2482 quibus
987 2401 1234 2463 nimium
1265 2403 1468 2465 tribuit
1499 2403 1767 2465 Sturzius
1798 2423 1857 2483 p.
1895 2403 1991 2476 18,
2025 2402 2432 2483 gravissimum
2462 2404 2580 2466 hoc

462 2496 520 2549 et
549 2487 721 2567 plane
751 2505 875 2548 non
902 2488 1207 2548 ferendum
1237 2489 1298 2548 in
1326 2489 1610 2550 historico
1642 2488 1864 2550 crimen
1893 2508 2021 2550 esse
2045 2489 2404 2561 existimans,
2437 2508 2576 2569 par-

462 2573 609 2633 tium
641 2572 918 2634 studium.
970 2572 1199 2634 Etenim
1233 2581 1524 2635 memorat
1543 2574 1872 2635 Hellanicus
1895 2573 2231 2646 Ascanium,
2261 2580 2573 2654 postquam

459 2657 809 2737 aliquamdiu
850 2658 1004 2737 apud
1043 2658 1304 2738 Phryges
1341 2659 1503 2720 exsul
1543 2659 1780 2733 fuisset,
1821 2660 2057 2721 Troiam
2094 2658 2339 2720 rediisse
2381 2667 2575 2740 pater-

461 2762 720 2823 numque
750 2760 996 2821 regnum
1026 2742 1355 2806 Hectoridis
1380 2743 1758 2806 vindicavisse
1781 2746 1811 2785 3
1823 2745 1899 2823 5),
1926 2762 2116 2824 neque
2138 2744 2201 2805 in
2227 2745 2576 2807 anteceden-

595 2925 676 2989 32)
704 2924 842 2989 Quae
869 2928 930 2977 de
954 2927 1174 2993 Telepho
1203 2929 1442 2990 leguntur
1465 2927 1529 2979 fr.
1560 2929 1651 2979 101
1681 2929 1851 2995 Sturz‚
1875 2943 1941 2978 ex
1962 2928 2134 2994 Stepb.
2161 2929 2214 2978 Β.
2232 2944 2284 2981 v.
2300 2924 2575 3000 Ὡρωπός·

460 3023 523 3030 —-
553 2992 644 3043 καὶ
678 2989 1027 3062 Θεόπομπος
1049 2995 1141 3045 καὶ
1170 2990 1487 3052 Ἑλλάνικος
1524 2993 1952 3049 ἀνακοινοῦνται
1985 2998 2097 3049 τῶν
2126 2991 2426 3066 Ὠρωπίων
2471 3002 2578 3064 Τη-

459 3060 612 3129 λέφῳ
637 3060 768 3122 xri„
805 3062 852 3110 in
889 3064 949 3112 iis
987 3079 1044 3112 ex
1079 3064 1188 3113 cod.
1214 3061 1424 3115 Vratisl.
1455 3064 1610 3115 scrib.
1635 3065 1728 3114 καὶ
1758 3067 1929 3117 Θεοπ.
1961 3060 2011 3129 η’
2038 3060 2379 3130 Ἑλληνικῶν,
2418 3074 2470 3117 et
2503 3068 2576 3118 sic

462 3130 619 3179 edidit
643 3128 1079 3181 WestermannuS.

594 3195 677 3255 33)
704 3196 848 3261 Apud
871 3197 1054 3248 Herod.
1083 3194 1192 3255 V11,'
1225 3199 1321 3248 123
1354 3206 1662 3250 memoratur
1696 3200 1835 3264 regio
1870 3199 2133 3265 Crossaea,
2177 3216 2301 3267 quae
2327 3202 2577 3272 Κρουσὶς

459 3262 535 3331 γῆ
558 3265 840 3329 appellatur
863 3268 990 3331 apud
1017 3266 1241 3333 Thucyd.
1263 3266 1321 3331 Π,
1349 3267 1412 3317 ’79
1439 3275 1492 3318 et
1511 3267 1683 3334 Steph.
1709 3269 1763 3318 Β.
1791 3284 1833 3318 s.
1852 3285 1903 3319 v.
1924 3268 2075 3333 [Idem
2094 3284 2270 3319 nomen
2290 3266 2577 3341 Κρουσιὰς

458 3331 533 3397 γῆ
557 3332 922 3383 restituendum
948 3333 1136 3385 Cononi
1161 3336 1288 3401 apud
1315 3335 1542 3387 Photium
1561 3337 1669 3387 cod.
1699 3335 1812 3400 186,
1838 3353 1883 3403 p.
1907 3336 2001 3386 140
2021 3338 2100 3387 ed.
2118 3338 2331 3390 Bekker.
2375 3336 2448 3390 Cf.
2476 3339 2577 3391 Ta-

459 3398 530 3449 fel
555 3401 615 3450 de
643 3399 1004 3452 Thessalonica
1034 3402 1239 3468 eiusque
1264 3419 1385 3466 agro
1411 3420 1462 3470 p.
1490 3405 1551 3453 10
1577 3412 1631 3455 et
1654 3404 1789 3467 218.]

598 3466 681 3531 34)
709 3467 945 3519 Invidiam
964 3470 1210 3521 Hellanici
1234 3473 1561 3522 vehementer
1583 3473 1728 3523 auxit
1748 3472 2039 3523 Grosskurd
2062 3472 2111 3521 in
2130 3473 2387 3525 versione:
2412 3474 2576 3539 „Hin-

456 3551 615 3598 gegen
640 3536 732 3585 der
756 3537 849 3586 den
873 3535 1023 3587 lliern
1049 3539 1555 3590 schmeichelnde
1581 3541 1890 3603 Hellanikos,
1925 3541 2038 3591 wie
2076 3541 2256 3591 seine
2291 3542 2576 3595 Denkart

454 3604 566 3668 ist,
605 3603 895 3668 begiinstigt
917 3607 996 3655 die
1021 3606 1368 3673 Bebauptung‚
1396 3610 1513 3658 dass
1549 3609 1628 3658 die
1656 3609 1852 3672 jetzige
1878 3610 2026 3659 Stadt
2056 3609 2147 3659 mit
2182 3611 2273 3660 der
2296 3612 2574 3676 damaligen

459 3672 679 3721 dieselbe
707 3674 835 3722 sei.“
873 3674 1086 3725 Secutus
1116 3683 1196 3725 est
1220 3677 1612 3727 emendationem
1636 3676 1902 3743 Xylandri,
1930 3680 2009 3742 qui
2035 3678 2239 3742 scripsit
2273 3675 2460 3748 θυμὸς
2482 3696 2573 3746 pro

456 3740 661 3807 μῦθος,
690 3755 783 3805 qua
808 3758 904 3791 non
933 3759 1055 3808 opus
1081 3750 1207 3794 erat.
1255 3744 1469 3794 Videtur
1492 3745 1781 3794 Hellanicus
1806 3745 1855 3794 in
1883 3745 2012 3795 omni
2038 3744 2334 3796 Troicorum
2369 3748 2572 3813 exposi-

457 3808 596 3857 tione
621 3806 810 3859 favisse
836 3808 1067 3861 Troianis
1089 3818 1264 3861 contra
1291 3811 1546 3875 Graecos3
1572 3813 1645 3863 sic
1670 3813 1983 3879 interpretor
2006 3814 2130 3864 illud
2156 3805 2276 3871 οἷος
2299 3810 2328 3865 ὁ
2356 3812 2575 3869 ἐκείνου

452 3876 657 3940 μῦθος.
704 3876 773 3927 At
797 3877 918 3929 nibil
942 3879 1076 3929 istud
1100 3879 1370 3930 criminosi.

591 3943 674 4008 35)
701 3939 983 3997 ἐλθόντων
1001 3944 1064 3997 δὲ
1084 3944 1158 4003 ὥς
1175 3943 1348 3999 αὐτὸν
1364 3946 1773 4019 Σκαμανδρίου
1794 3964 1852 4001 τε
1876 3948 1967 4001 καὶ
1987 3948 2102 4002 τῶν
2122 3944 2303 4003 ἄλλων
2324 3946 2570 4021 Ἑκτορι-
