2867 4717
505 429 608 482 116
822 400 916 481 De
962 427 1128 482 locis
1176 427 1449 494 aliquot
1494 427 1877 482 Pausaniae
1916 423 2314 496 disputatio.

503 585 591 646 vel
618 575 978 646 Ἀλικαίων
1018 577 1410 664 κατάλογος,
1459 583 1531 643 cf.
1562 583 1644 657 11,
1677 581 1788 655 27,
1822 582 1880 644 3.
1942 583 2167 644 Gentile
2195 574 2526 658 Ἀλικῖνος
2555 584 2636 646 ab

505 661 733 752 Ἁλίκη
772 669 1154 730 formandum
1193 669 1265 729 ad
1294 668 1618 746 analogiam
1643 659 1964 749 Ἐρυκῖνοι
2006 669 2078 728 ab
2119 658 2373 752 Ἐρύκη,
2403 665 2638 730 Παλι-

503 753 681 828 κῖνος
733 773 764 813 a
815 745 1109 835 Παλίκη;
1162 769 1299 813 nam
1353 753 1514 831 quod
1566 752 1631 814 G.
1671 752 2041 814 Hermannus
2084 751 2304 831 Opuse.
2346 753 2469 814 Vol.
2506 754 2633 827 VII,

505 859 564 919 p.
597 838 720 900 320
752 837 1080 909 contendit,
1103 837 1278 897 etiam
1308 830 1688 920 Παλικηνός
1713 837 1853 898 ferri
1884 856 2090 939 posse,
2122 838 2183 898 id
2213 838 2359 899 mihi
2370 838 2634 938 quidem

502 941 628 984 non
670 922 979 1001 persuasit.
1046 884 1183 999 fpse
1212 921 1530 982 Pausanias
1560 921 1666 992 111,
1706 922 1801 994 16,
1851 923 1890 981 4
1915 913 2249 1019 Ἐρυκίνην
2289 916 2523 1003 χώραν,
2571 931 2636 984 et

505 1009 649 1069 satis
679 1015 818 1068 nota
850 1006 1045 1067 Venus
1074 1005 1350 1084 Erycina,
1393 1024 1542 1102 quae
1580 1023 1882 1085 nunquam
1914 1005 2124 1068 dieitur
2151 1025 2341 1086 neque
2368 1008 2632 1087 Eryeena

504 1112 698 1172 neque
746 1092 1017 1171 Eryeaea.
1100 1090 1319 1150 Tamen
1366 1091 1519 1151 cives
1570 1091 1788 1170 Eryeae
1840 1090 2046 1171 oppidi
2091 1091 2379 1172 Erycaeos
2433 1093 2630 1153 dictos

501 1177 689 1239 fuisse
722 1183 968 1237 testatur
998 1166 1629 1278 81ερ1).Β.ν.Ερύκη
1672 1182 1730 1235 et
1748 1175 1945 1278 Etym.
1979 1176 2052 1236 M.
2084 1196 2143 1255 p.
2178 1176 2332 1250 379,
2373 1176 2631 1256 indeque

501 1263 755 1324 fortasse
786 1260 1163 1322 scribendum
1196 1250 1553 1357 Ἀλικαίων
1594 1254 1977 1362 κατάλογος.

671 1345 764 1419 ΙΠ,
800 1345 896 1413 19.
930 1346 967 1405 5
999 1363 1109 1422 pro
1140 1340 1369 1448 μνῆμα
1389 1345 1644 1406 fortasse
1675 1343 1850 1406 scrib.
1884 1335 2221 1448 ανάθημα.

672 1431 765 1502 IV,
798 1430 896 1503 31,
930 1429 967 1490 8
1000 1429 1177 1490 scrib.
1207 1448 1258 1489 v.
1288 1425 1373 1490 τὰ
1415 1423 1537 1508 μὲν
1582 1424 1659 1512 δὴ
1691 1426 1808 1491 τοῦ
1836 1422 2041 1491 λίθου
2073 1425 2418 1515 Δαμοφῶν
2446 1423 2630 1491 ἐστὶν

507 1509 544 1577 ὁ
586 1507 1042 1599 εργασάμενος.

671 1601 736 1673 V,
776 1601 869 1671 11,
902 1599 940 1658 2
969 1597 1144 1658 verba
1172 1589 1495 1659 ὑπελθεῖν
1541 1593 1615 1658 δὲ
1654 1589 1769 1675 οὐχ
1798 1585 1943 1660 οἷόν
1970 1616 2044 1659 τε
2072 1605 2179 1661 etc.
2211 1605 2443 1676 praeter
2471 1598 2627 1670 illos,

502 1685 601 1764 qui
632 1684 902 1756 citantur,
934 1682 1241 1743 illustravit
1268 1681 1504 1743 Roese
1489 1701 1548 1742 m
1569 1682 1810 1784 Kugleri
1840 1684 2042 1744 Museo
2080 1682 2242 1744 1837
2262 1683 2381 1786 ²No.
2416 1683 2518 1743 27.

672 1769 791 1841 VII,
823 1731 925 1841 24,
959 1769 993 1827 7
1029 1767 1205 1828 scrib.
1236 1786 1286 1827 v.
1318 1760 1587 1828 τοιοῦτό
1630 1787 1702 1848 γε
1745 1763 1825 1850 δὴ
1867 1761 2283 1846 κατέλαβεν’
2250 1787 2318 1829 εν
2346 1760 2626 1870 Σιπύλῳ

504 1874 622 1915 και
663 1849 741 1914 τὸ
787 1843 941 1954 όρος
985 1844 1203 1932 ἕτερον
1244 1848 1360 1935 τὴν
1405 1844 1591 1913 ἰδέαν
1635 1848 1949 1932 γενέσθαι
1993 1847 2109 1913 καὶ
2151 1848 2270 1935 τῆν
2313 1847 2515 1914 πόλιν
2557 1846 2629 1926 ἐς

505 1929 1261 2083 χασμέεὲἷιφὶῗέέῑῖἷιᾷέῗὶιε
1290 2021 1593 2082 Pausania.
1631 2057 1712 2065 —
1738 2022 1934 2083 Liceat
1960 2022 2137 2082 simul
2165 2021 2626 2083 additamentum

499 2108 840 2168 Polemonis
873 2105 1175 2177 subiicere,
1210 2106 1366 2183 quod
1397 2125 1504 2184 per
1532 2107 1749 2166 litteras
1781 2106 1921 2166 mihi
1956 2105 2178 2166 amicus
2215 2106 2624 2186 suppeditavit.

501 2192 687 2252 Omisi
729 2191 885 2252 enim
930 2190 990 2250 in
1034 2209 1162 2251 mea
1200 2189 1668 2267 fragmentorum
1709 2190 1963 2251 editione
2004 2190 2196 2269 (Lips.
2235 2190 2429 2268 1838)
2470 2191 2627 2252 hunc

500 2277 727 2347 locum,
774 2294 866 2354 ap.
900 2275 1097 2337 Schol.
1134 2274 1335 2352 Eurip.
1378 2274 1568 2335 Orest.
1611 2293 1664 2334 v.
1716 2274 1911 2347 1632,
1960 2293 2029 2335 ex
2061 2276 2189 2335 cod.
2221 2275 2559 2336 Florentino
2593 2295 2624 2337 a

501 2360 751 2426 Matthia
777 2360 1025 2421 editum:
1071 2353 1390 2437 Πολέμων
1435 2353 1510 2421 δὲ
1552 2355 1665 2419 καὶ
1697 2352 1764 2420 ἕν
1790 2356 1967 2440 τῷδε
1994 2361 2091 2461 τῷ
2121 2355 2294 2441 πρὸς
2323 2352 2626 2435 ’Λλεξαν-

506 2439 734 2548 δρίδην
775 2441 893 2546 τὴν
933 2439 1055 2523 μὲν
1097 2439 1226 2504 τῶν
1272 2439 1457 2505 δυοῖν
1493 2435 1799 2546 ἀστέρων
1822 2438 2229 2546 ἐπιφάνειαν
2254 2442 2384 2505 τῶν
2412 2445 2628 2507 Διοσ-

499 2524 748 2610 κούρων
790 2521 1384 2608 ἀνομολογεῖσθαι,
1429 2523 1547 2611 τήν
1592 2524 1667 2589 δὲ
1706 2548 1837 2589 των
1872 2522 2235 2609 λεγομένων
2274 2521 2625 2612 ζαβείρωντ

502 2634 648 2694 quae
691 2614 779 2675 sio
821 2613 1210 2674 emendantur
1252 2632 1285 2673 a
1327 2612 1613 2691 Madvigio
1655 2613 1716 2673 in
1757 2614 2084 2675 Emendatt.
2120 2614 2181 2673 in
2222 2612 2336 2674 Cic.
2373 2613 2512 2675 libb.
2554 2614 2625 2675 de

500 2700 673 2778 Legg.
707 2707 765 2760 et
792 2699 992 2770 Aoad„
1024 2697 1197 2758 Hafn.
1235 2697 1416 2769 1826,
1449 2716 1506 2775 p.
1545 2697 1692 2758 137.
1736 2698 1823 2756 Π.
1859 2693 1935 2758 δὲ
1976 2692 2093 2759 καὶ
2137 2692 2203 2760 ἐν
2244 2695 2343 2801 τῷ
2389 2693 2454 2759 δ’
2497 2694 2625 2760 τῶν

500 2782 670 2867 πρὸς
714 2776 918 2859 Ἀλεξ.
962 2778 1082 2864 τὴν
1136 2777 1256 2885 μὲν
1306 2779 1438 2843 τῶν
1483 2779 1665 2843 δυοῖν
1717 2773 2012 2885 αστέρων
2054 2776 2460 2887 ἐπιφάνειαν
2498 2779 2624 2845 τῶν

503 2869 739 2930 Διοσκ.
790 2864 1089 2970 (φησινῗ)
1139 2888 1219 2928 αν
1264 2857 1759 2948 ὁμολογεῖσθαι,
1804 2864 1923 2950 τήν
1967 2860 2044 2928 δε
2085 2869 2219 2928 ταῖν
2263 2861 2318 2948 γ’
2360 2865 2490 2930 τῶν
2517 2866 2624 2930 λε-

503 2947 792 3032 γομένων
835 2943 1201 3031 Καβείρων.
1266 2951 1428 3011 Idem
1470 2952 1665 3012 adiicit
1704 2954 1871 3013 haee.
1920 2952 2051 3025 „De
2085 2971 2334 3013 numero
2366 2955 2619 3014 ternario

500 3056 533 3097 a
562 3036 736 3097 nobis
770 3036 1061 3108 restitutO,
1087 3041 1493 3114 praeterquam
1519 3037 1675 3114 quod
1698 3036 1909 3096 veritas
1932 3045 2179 3116 apparet
2198 3057 2229 3098 e
2253 3039 2622 3117 praecedenti

498 3117 2432 3286 2²⁷36335&gvssf‘²’12;u¹}i¹⁸¹ffl{¹1⁶¹i¹3¹e¹ff⁷⁰⁶3332³2¹u¹1¹1z¹1hssi1¹1¹31¹ss³
2451 3122 2620 3267 §5023

499 3291 925 3370 disputationes
959 3297 1096 3369 post
1126 3223 1457 3350 Hemsferh.
1490 3290 1561 3350 ad
1591 3290 1828 3353 Lucian.
1869 3290 1938 3367 11,
1972 3310 2030 3369 p.
2065 3290 2189 3353 340
2220 3291 2369 3370 Bipf
2354 3227 2617 3352 “gCete-

498 3393 631 3435 rum
675 3376 819 3436 duas
863 3394 933 3435 ex
973 3376 1087 3434 hoe
1125 3375 1256 3434 loco
1288 3374 1588 3435 lucramur
1617 3375 1979 3435 notationes:
2033 3378 2091 3451 1)
2125 3376 2197 3437 de
2224 3377 2391 3437 titulo
2425 3376 2617 3474 operis

500 3454 668 3542 πρὸς
711 3451 1214 3541 Ἀλεξανδρίδην
1242 3458 1407 3532 editi,
1449 3478 1622 3538 quem
1654 3460 1880 3520 addas
1865 3460 2161 3539 1is‚quos
2194 3464 2524 3522 enumeravi
2556 3461 2617 3522 in

497 3545 705 3622 fragm
743 3544 963 3604 Polem.
1003 3563 1061 3622 p
1110 3542 1186 3604 18
1219 3562 1348 3623 sqq.
1411 3545 1475 3615 2)
1510 3545 1667 3623 quod
1708 3545 2150 3605 Alexandridem
2189 3546 2508 3624 Delphum,
2547 3546 2616 3607 de

497 3648 631 3774 quc:¹
646 3629 761 3774 ditxi
793 3629 1008 3773 ibidelgi
1043 3647 1098 3707 p.
1136 3629 1255 3724 176
1288 3648 1396 3708 sq„
1426 3630 1542 3774 ἱῗξῖ)
1563 3638 1800 3774 fonstat
1823 3638 1956 3691 ante
1974 3630 2363 3691 Polemonem
2386 3629 2612 3702 vixisse,

497 3732 593 3774 cre
638 3733 671 3773 o
722 3732 947 3792 empori
993 3731 1060 3773 us
1091 3732 1419 3791 primorum
1527 3732 1939 3775 oemaeorum.

664 3815 730 3876 D.
764 3815 1002 3894 Dorpati
1034 3831 1235 3875 mense
1256 3815 1400 3876 lulio
1431 3815 1799 3879 MDCCCXL.
