2867 4717
1015 459 1240 509 Lesbio
1278 459 1600 509 historico.
2296 462 2361 512 33

244 622 576 683 civitatibus
608 642 641 683 a
664 622 1009 684 Deucalione
1030 623 1271 703 eiusque
1294 622 1569 703 prosapia
1595 623 1864 698 conditis,
1893 643 1945 687 v.
1971 624 2166 686 Schol.
2190 626 2358 687 Pind.

244 706 340 768 Ol.
371 708 466 781 IX,
499 708 580 769 64
628 698 794 769 ἔνιοι
839 702 914 771 δὲ
958 700 1074 770 οὐκ
1127 703 1195 770 ἐν
1236 705 1320 791 τῇ
1355 699 1669 769 Ὀποῦντί
1720 728 1890 793 φασι
1933 704 2362 772 Δευκαλίωνα

241 787 363 853 καὶ
407 787 678 894 Πύρραν
723 785 1011 855 οἶκ”σαι·
1058 784 1094 854 ὃ
1140 789 1263 876 γὰρ
1308 784 1929 874 Ἀπολλόδωροςῑθ)
1977 790 2147 857 οὕτω
2203 790 2361 879 γρά-

242 895 395 960 φει·
440 879 764 961 ,,οικῆ’σαι
863 872 896 939 ὲ
949 872 1018 941 ἒν
1060 872 1255 962 Κύνῳ
1300 873 1414 940 τὸν
1457 871 1885 940 Δευκαλίωνα
1935 875 2193 961 λέγεται
2247 877 2363 942 καὶ

239 957 361 1045 τήν
402 957 691 1046 Πύρῤαν,
748 959 865 1024 καὶ
905 960 1023 1047 τὴν
1064 957 1553 1066 Πρωτοχένειαν
1610 958 1747 1025 ἐκεῖ
1796 959 2183 1066 τετράφθαι
2226 984 2364 1050 φα-

245 1039 422 1108 σίν.“
479 1039 729 1129 ἱστορεῖ
771 1042 845 1110 δὲ
886 1049 1099 1110 ταῦτα
1141 1044 1258 1110 καὶ
1307 1041 1689 1122 Ελλάνικος.
1734 1084 1822 1093 —-
1865 1040 1902 1110 ὁ
1951 1046 2026 1111 δε
2048 1041 2215 1111 Ἑλλ.
2246 1046 2361 1113 καὶ

238 1126 361 1215 τὴν
406 1126 697 1214 λάρνακα
742 1125 818 1194 οὗ
861 1130 956 1217 τῷ
997 1128 1375 1238 Παρνασσῷ
1404 1150 1569 1218 φησι
1606 1129 2148 1217 προσενεχθῆναι,
2196 1128 2360 1197 ἄλλα

239 1211 406 1299 περὶ
447 1216 563 1301 τήν
603 1209 858 1303 ’Όθρυν
898 1220 1020 1302 τῆς
1055 1214 1442 1295 Θεσσαλιας,
1490 1219 1841 1298 quibuscum
1872 1221 2187 1301 coniungas
2218 1222 2361 1284 haec

241 1300 337 1382 ap.
369 1302 566 1364 Schol.
598 1303 867 1383 Apollon.
898 1303 968 1377 11,
1001 1305 1121 1365 705
1165 1296 1490 1384 ὦνομάσθ
1565 1302 1961 1386 Παρνασσὸς
2005 1298 2144 1368 ἀπὸ
2172 1306 2360 1388 Παρ-

238 1384 488 1471 νησσοῦ
528 1385 643 1450 τοῦ
671 1382 987 1471 ἐγχωρίου
1025 1381 1252 1473 ἥρωος,
1299 1380 1390 1463 ὦς
1425 1380 1499 1449 ‘E
1538 1382 1823 1466 λάνικος,
1854 1391 1953 1452 ubi
1984 1391 2357 1453 scribendum
2387 1414 2437 1451 13

239 1464 385 1534 ἀπὸ
413 1474 767 1557 Παρνησοῦ
802 1493 918 1536 του
949 1468 1102 1554 ἐγχ.,
1148 1474 1363 1554 apertis
1393 1474 1623 1535 Ionicae
1653 1476 1875 1537 dialecti
1906 1476 2181 1555 vestigiis,
2214 1496 2361 1556 quae

236 1557 446 1618 multis
477 1559 620 1620 locis
653 1560 1168 1638 deprehenduntur
1184 1559 1304 1638 2³5).
1356 1559 1778 1638 Argumentum
1804 1580 1988 1641 porro
2015 1561 2260 1623 ducebat
2287 1562 2359 1623 ad

236 1642 604 1704 Thessaliam
652 1644 723 1705 ab
762 1644 1110 1706 Deucalione
1149 1645 1389 1723 eiusque
1439 1644 1570 1705 filiis
1614 1653 1956 1726 occupatam
1997 1653 2055 1708 et
2094 1645 2355 1720 divisam,

236 1746 355 1807 quo
387 1727 527 1789 facit
556 1729 836 1809 Harpoer.
867 1750 919 1791 v.
950 1722 1318 1812 τετραρχία,
1350 1729 1455 1791 ubi
1486 1729 1692 1792 citatur
1726 1724 1892 1792 Ἑλλ.
1925 1725 1992 1792 ἐν
2019 1730 2162 1806 τοῖς
2197 1730 2357 1792 Θετ-

233 1809 555 1891 ταλικοῖς,
590 1832 765 1893 quam
795 1822 1022 1895 partem
1046 1815 1465 1877 Deucalioneae
1494 1815 1677 1876 fuisse
1707 1823 1862 1877 recte
1884 1823 2051 1896 putat
2070 1816 2354 1879 SturziuS.

234 1897 526 1979 Deinceps
554 1899 799 1962 Aeolum
837 1906 1008 1979 atque
1049 1899 1418 1962 Aeolidarum
1457 1901 1800 1979 progeniem
1840 1909 2183 1981 persecutus
2224 1920 2359 1963 esse

234 1983 485 2058 videtur,
516 2003 568 2046 v,
603 1986 809 2046 Athen.
841 1985 912 2059 X,
944 2004 1003 2066 p.
1031 1985 1165 2047 416
1188 1987 1235 2046 Α
1256 1978 1425 2046 Ἑλλ.
1458 1978 1525 2046 ἒν
1555 1979 1801 2069 πρώτῳ
1831 1980 2361 2063 Δευκαλιωνείας

377 2150 460 2212 19)
487 2150 599 2202 Non
624 2154 672 2202 in
698 2153 1013 2217 bibliotheca,
1047 2154 1145 2204 nisi
1167 2153 1307 2204 dicas
1343 2153 1690 2205 bibliothecam
1716 2171 1844 2205 nunc
1876 2153 2035 2206 forma
2058 2171 2233 2222 parum
2267 2172 2356 2221 ge-

235 2219 388 2269 nuina
415 2219 606 2282 haberi,
632 2223 760 2286 quod
785 2224 965 2273 statuit
989 2221 1049 2273 G.
1077 2222 1390 2272 Hermannus
1415 2222 1511 2288 Ep.
1535 2224 1599 2272 ad
1622 2222 1777 2285 llgen.
1803 2224 2012 2290 Hymnis
2035 2225 2178 2276 Hom.
2204 2241 2353 2291 prae-

232 2287 391 2336 missa
415 2303 463 2352 p.
490 2286 649 2340 XLV.
706 2289 1098 2355 „Apollodorum
1140 2291 1335 2355 quidem
1367 2289 1576 2352 singulis
1610 2292 1801 2355 paginis
1842 2293 2196 2358 interpolatum
2239 2310 2352 2343 esse

233 2361 454 2405 constat.
501 2355 664 2421 Atque
691 2359 884 2407 omnino
908 2358 1202 2423 Apollodori
1225 2358 1382 2408 libros
1419 2358 1674 2408 codicibus
1706 2358 1892 2409 Italicis
1926 2361 1997 2410 ita
2029 2362 2244 2426 scriptos
2278 2362 2355 2410 in-

233 2423 404 2473 veniri
427 2426 731 2491 accepimus,
760 2432 837 2492 ut,
865 2426 908 2476 si
933 2442 1041 2476 cum
1067 2426 1368 2476 editionibus
1393 2426 1478 2476 isti
1505 2427 1702 2476 codices
1729 2435 2103 2493 comparentur,
2139 2430 2353 2494 scripto-

233 2506 341 2541 rem
366 2492 499 2541 hunc
521 2493 610 2541 vix
634 2494 710 2542 sui
735 2494 944 2544 similem
970 2494 1186 2544 habituri
1211 2493 1422 2543 simus.“
1470 2494 1769 2560 Quamquam
1794 2510 1918 2561 quae
1943 2497 1992 2545 in
2014 2495 2227 2546 Scholiis
2253 2497 2354 2546 Ho-

232 2559 360 2609 meri
386 2575 453 2609 ex
476 2559 782 2625 Apollodoro
807 2562 1100 2626 afferuntur,
1138 2563 1304 2611 solent
1328 2577 1439 2612 cum
1461 2562 1777 2627 bibliotheca,
1802 2572 1858 2614 ut
1882 2580 2010 2613 nune
2035 2571 2128 2629 est,
2151 2566 2351 2631 conspi-

234 2643 381 2688 rare,
417 2625 482 2677 cf.
508 2627 756 2680 Schol.11.
784 2648 835 2694 α,
867 2630 961 2680 195
995 2647 1038 2680 c.
1071 2630 1302 2695 Apollod.
1328 2629 1361 2695 l,
1389 2629 1437 2693 3,
1465 2629 1523 2691 63
1567 2630 1734 2681 Schol.
1767 2629 1824 2680 ΙΙ.
1861 2648 1912 2695 α,
1952 2631 2046 2681 168
2082 2639 2138 2683 et
2170 2632 2264 2681 307
2306 2650 2349 2682 e.

231 2696 328 2760 Ap.
355 2694 393 2758 Ι,
420 2695 468 2753 7,
505 2695 562 2758 23
602 2697 768 2747 Schol.
793 2697 854 2748 Il.
878 2703 928 2764 β,
956 2698 1056 2747 494
1081 2715 1125 2748 c.
1150 2699 1242 2764 Ap.
1269 2696 1350 2758 ΠΙ,
1375 2698 1407 2746 4
1432 2697 1591 2749 initio.
1649 2697 1721 2748 De
1745 2698 2051 2764 Apollodoro
2078 2701 2348 2764 epitomate

233 2763 480 2826 cogitavit
503 2763 763 2816 Berkelius
787 2768 850 2816 ad
874 2767 1046 2832 Steph.
1075 2767 1128 2816 B.
1151 2782 1198 2832 p.
1222 2766 1286 2815 50
1310 2766 1341 2814 b
1366 2772 1418 2815 et
1437 2765 1764 2830 Welekerus,
1786 2781 1930 2831 quem
1949 2767 2063 2816 vide
2089 2768 2149 2816 de
2170 2768 2350 2818 biblio-

232 2831 381 2881 theca
407 2832 693 2883 doctissime
719 2834 1051 2899 disputantem
1075 2834 1125 2884 in
1151 2834 1293 2900 Cycl.
1324 2847 1398 2898 ep.
1427 2848 1475 2898 p.
1497 2832 1579 2883 88.
1599 2849 1705 2898 sqq.

372 2899 456 2961 20)
495 2898 568 2950 Cf.
594 2902 765 2952 Sturz.
785 2918 833 2968 p.
857 2901 921 2951 23
944 2918 1019 2968 sq.
1067 2901 1357 2967 Quicunque
1390 2908 1509 2952 tunc
1532 2901 1731 2951 litteras
1756 2901 2098 2967 attingebant,
2128 2903 2349 2969 philoso-

233 2968 316 3032 phi
339 2967 485 3017 iuxta
507 2975 656 3034 atque
680 2970 924 3035 historici,
950 2970 1164 3020 lonicam
1188 2969 1456 3019 dialect-um
1474 2969 1792 3032 adhibebant,
1817 2970 1925 3022 sive
1957 2973 2125 3037 epicae
2145 2973 2348 3038 propio-

233 3050 356 3097 rem,
383 3036 493 3086 sive
515 3038 686 3087 variae
711 3038 787 3088 illi
810 3046 959 3105 atque
984 3038 1229 3102 figuratae
1254 3036 1511 3100 Herodoti,
1538 3038 1646 3088 sive
1670 3039 1872 3088 Atticae
1906 3040 2189 3105 antiquiori.
2248 3040 2349 3090 Sed

233 3104 315 3169 qui
338 3104 403 3153 ab
428 3103 633 3154 Sturzio
659 3106 880 3157 citantur
902 3107 1017 3170 loci,
1043 3121 1215 3156 eorum
1239 3120 1357 3171 pars
1382 3103 1647 3156 referenda
1673 3106 1735 3154 ad
1760 3105 2068 3157 Hellanieum
2095 3106 2355 3158 Gramma-

231 3171 403 3235 tieum,
426 3171 759 3238 Homericum,
785 3176 870 3240 qui
893 3181 1006 3225 erat
1029 3190 1095 3225 ex
1120 3172 1523 3236 Chorizontibus,
1548 3174 1831 3224 Aristarchi
1856 3176 2131 3239 aequalem,
2165 3176 2227 3224 de
2251 3191 2346 3240 quo

232 3239 365 3289 dixit
389 3239 672 3292 Grauertus
696 3242 743 3291 in
771 3242 902 3293 Mus.
929 3242 1087 3292 Rhen.
1111 3242 1149 3304 1,
1179 3241 1210 3290 3
1235 3258 1282 3308 p.
1301 3241 1402 3292 204
1427 3258 1550 3308 sqq„
1578 3242 1717 3291 euius
1743 3242 1868 3291 locis
1892 3243 2018 3292 adde
2045 3258 2169 3308 quae
2190 3258 2349 3308 nuper

232 3308 368 3357 edita
393 3315 514 3357 sunt
537 3308 587 3358 in
612 3310 780 3360 Schol.
803 3310 977 3376 Eurip.
997 3311 1113 3363 Vat.
1140 3310 1358 3360 Troadd.
1377 3326 1427 3361 v.
1450 3309 1547 3359 822
1573 3310 1648 3375 τῷ
1675 3304 1774 3374 τὴν
1787 3307 1999 3380 μικρὰν
2017 3306 2226 3361 Ἰλιάδα
2246 3328 2348 3362 πε·-

230 3370 748 3496 5203223'5222225
753 3376 1350 3502 Zatssssz‘issfltssssbt’ss
1352 3377 1751 3502 ffa{{l‡1.222‘¹2
1756 3416 1780 3495 ἐ
1791 3381 1960 3498 ῗῖἔέῗῖ
1962 3396 2006 3497 {3²
1998 3380 2194 3499 §3⁰05
2197 3393 2272 3498 ἐξ
2275 3382 2331 3497 ‘5'
2331 3417 2347 3441 '

229 3513 458 3580 θραῖον,
484 3526 535 3562 v,
556 3511 802 3564 Welcker
819 3516 880 3565 de
906 3531 932 3564 c
972 3463 1062 3564 clf)l
1075 3529 1153 3579 ep.
1177 3484 1370 3580 p.'251.
1418 3514 1496 3565 Ad
1523 3484 1767 3564 Hellanici
1793 3515 2057 3566 dialectum
2076 3466 2204 3582 guod
2229 3465 2349 3567 αἵῐί-

231 3586 315 3629 net
332 3578 462 3629 Lex.
475 3579 693 3630 Bekkeri
712 3582 898 3632 Anecd.
959 3599 1002 3632 r.
1021 3581 1059 3646 I,
1083 3598 1127 3647 p.
1147 3581 1242 3631 351
1267 3598 1377 3632 eum
1394 3590 1545 3648 atque
1566 3582 1875 3647 Sophronem
1894 3580 2117 3652 ἅθήραν
2134 3599 2346 3634 vocasse

230 3647 386 3697 tradit
409 3649 542 3713 quod
565 3649 751 3700 Atticis
785 3646 972 3716 ἀθάρη
1009 3650 1380 3715 nominabatur,
1414 3644 1607 3721 ἀθάρα
1640 3651 1864 3715 Doricis,
1896 3653 2025 3702 unde
2062 3653 2182 3702 nihil
2219 3652 2345 3701 certi

231 3715 461 3765 concludi
486 3723 673 3782 potest.
725 3717 998 3768 Praeterea
1033 3718 1198 3768 Schol.
1223 3717 1332 3770 Ven
1358 3726 1406 3768 ⁴..
1432 3718 1688 3784 Aristopb.
1723 3717 1838 3769 Pac.
1866 3735 1914 3771 v.
1940 3720 2005 3768 70
2040 3720 2087 3769 in
2123 3720 2348 3784 explica·-

229 3782 365 3832 tione
390 3785 530 3834 vocis
565 3779 921 3858 ἀνερῤιχᾶτο,
956 3802 1052 3852 qua
1084 3785 1243 3836 utitur
1275 3787 1666 3852 Aristophanes:
1703 3781 2034 3844 Ἑλλάνικος·
2074 3782 2345 3858 »ἀναρρι-

222 3851 439 3968 {fimat
465 3850 530 3903 δὲ
555 3846 748 3923 ὥσπερ
776 3854 834 3905 οἱ
856 3856 1095 3919 πίθηκοι
1120 3848 1205 3905 ἐπ’
1233 3848 1378 3923 ἄκρα
1400 3851 1469 3906 τὰ
1496 3852 1762 3924 δένδρα,“
1795 3856 1855 3914 de
1894 3872 1988 3921 quo
2017 3855 2257 3905 vocabulo
2294 3870 2344 3905 v.

268 3920 565 3986 hrynichum
590 3921 808 3972 Bekkeri
829 3939 875 3989 p.
904 3922 980 3987 19,
1007 3923 1069 3972 25
1097 3928 1149 3972 et
1176 3922 1404 3974 Pierson.
1441 3922 1601 3973 Moer.
1625 3939 1672 3988 p.
1700 3922 1781 3972 64.
1830 3924 1956 3973 Erat
1974 3925 2066 3976 hoc
2090 3939 2153 3972 ex
2182 3924 2344 3973 rario—

231 3987 369 4038 ribus
410 3989 514 4038 illis
558 3989 841 4056 vocabulis,
880 4007 1088 4056 quorum
1127 3991 1276 4040 etiam
1318 3993 1365 4042 in
1408 3990 1702 4055 fragmentis
1737 3991 1973 4041 nonnulla
2005 3990 2342 4056 reperiuntur.

233 4054 420 4121 [Stepb.
447 4057 572 4123 Byz.
599 4074 649 4108 v.
674 4054 1039 4128 ’Υπερβόρεοι
1059 4095 1073 4110 .
1093 4095 1107 4109 .
1127 4094 1143 4109 .
1161 4053 1477 4116 Ἑλλάνικος
1511 4058 1574 4111 δὲ
1594 4054 1979 4128 Ὑπερβόρειοι
2001 4054 2212 4126 γράφει
2241 4055 2337 4110 διὰ

233 4120 585 4193 διφθόγγου,
610 4127 671 4176 de
697 4143 792 4193 quo
816 4129 928 4178 loeo
955 4125 1017 4178 cf.
1045 4127 1280 4178 Meineke
1305 4127 1450 4191 frgm.
1478 4144 1601 4178 com.
1627 4134 1729 4176 ant.
1751 4143 1796 4191 p.
1824 4126 1924 4189 34.]

280 4202 529 4256 Preller,
558 4218 741 4261 ausgew.
766 4204 983 4252 Aufsatze.
1915 4211 1944 4259 3
