2867 4717
495 467 598 520 118
708 526 712 537 ,
1301 467 1397 519 De
1447 465 1556 518 via
1606 480 1804 519 sacra

494 622 977 704 septentrionales
1007 623 1368 702 peregrinari
1396 622 1484 682 vel
1507 622 1642 682 inde
1663 622 1920 682 Athenas
1942 619 2194 700 migrare
2214 620 2461 692 volebat,
2485 638 2616 682 non

472 708 653 777 ,facile
683 706 793 767 alio
817 707 1022 768 itinere
1052 715 1329 768 uteretur.
1375 707 1543 768 Unde
1569 708 1788 769 factum
1819 713 1885 767 ut
1912 723 2035 765 non
2057 705 2238 765 modo
2264 705 2398 780 ariS‚
2423 707 2616 768 sacel-

488 793 581 863 lis,
614 791 871 871 templis,
904 792 1008 852 sed
1040 792 1209 853 etiam
1234 793 1391 864 vicis,
1415 792 1625 865 hortiS,
1652 791 1924 853 aedificiis
1947 789 2140 862 variis,
2168 791 2613 868 sepulcrorum-

490 896 624 956 que,
657 895 805 955 quae
833 876 902 937 ad
934 876 1439 956 frequentissimas
1471 896 1730 957 quasque
1760 877 1881 937 vias
1912 875 2056 953 poni
2080 874 2366 949 solebant,
2389 895 2611 937 monu-

491 961 706 1022 mentis
740 961 979 1021 mirifice
1008 962 1285 1041 frequens
1317 970 1474 1023 esset
1503 969 1674 1040 atque
1702 960 1763 1021 in
1794 961 1993 1038 paucis
2026 959 2359 1038 conspicua.
2407 961 2612 1041 Neque

489 1046 686 1107 minus
711 1047 782 1106 ab
806 1047 1111 1124 regionum
1135 1047 1487 1108 amoenitate
1510 1053 2050 1125 prospectuumque
2073 1045 2344 1106 varietate
2358 1045 2609 1123 insignis

488 1137 640 1204 erat,
672 1129 957 1209 siquidem
990 1139 1045 1192 et
1076 1149 1239 1192 oram
1270 1132 1621 1193 maritimam
1655 1130 1998 1208 attingebat,
2049 1129 2399 1191 Salaminem
2434 1137 2610 1210 atque

486 1215 769 1292 Aeginam
809 1215 1030 1276 insulas
1071 1223 1465 1294 spectantem,
1506 1219 1564 1276 et
1606 1233 1892 1276 amoenos
1933 1214 2224 1274 montium
2259 1214 2610 1294 colliumque

485 1306 707 1361 tractus
735 1300 1066 1378 superabat,
1096 1319 1318 1379 perque
1349 1319 1591 1379 campos
1615 1301 1857 1378 insuper
1880 1298 2275 1359 fertilissimos
2300 1299 2429 1359 illos
2451 1299 2611 1360 Atti-

488 1403 590 1444 cae
621 1384 792 1444 ducta
815 1392 955 1457 erat,
986 1385 1223 1446 assidua
1252 1403 1531 1463 agrorum
1563 1391 1735 1463 atque
1763 1384 2077 1444 hortorum
2103 1384 2325 1444 cultura
2354 1384 2606 1445 nitentes

487 1476 547 1529 et
585 1469 750 1546 quasi
790 1470 1211 1530 humanitatem
1254 1470 1546 1548 quandam
1579 1469 1982 1542 ostendentes,
2022 1477 2086 1528 ut
2114 1468 2193 1529 ait
2220 1467 2604 1530 Dicaearchus

486 1553 653 1613 initio
702 1553 1013 1631 fragmenti
1054 1555 1125 1615 de
1168 1556 1281 1615 vita
1325 1554 1623 1614 Graeciae:
1686 1545 1988 1615 ἐντεῦθεν
2028 1553 2303 1630 (Megaris
2343 1560 2482 1632 puta
2518 1553 2606 1614 vel

486 1637 789 1714 Eleusine)
845 1630 942 1711 εἷς
979 1635 1057 1699 τὸ
1099 1630 1477 1728 Ἀθηναίων
1522 1630 1783 1700 ἔπεισιν
1825 1629 2018 1699 ἄστυ·
2074 1628 2231 1711 ὁδὸς
2274 1632 2349 1698 δὲ
2392 1629 2603 1721 ἡδεῖα,

488 1716 935 1806 γεωργουμένη
983 1720 1203 1798 πᾶσα,
1251 1716 1491 1799 ἔχουσα
1534 1720 1614 1807 τῇ
1658 1715 1819 1805 ὄψει
1864 1715 2371 1805 φιλάνθρωπον.
2442 1723 2605 1796 Quae

485 1806 686 1867 laudes
717 1808 886 1867 sicuti
918 1807 1069 1867 inter
1097 1807 1390 1886 antiquoS,
1417 1816 1482 1869 ut
1509 1808 1859 1886 peculiarem
1883 1807 2058 1868 huius
2082 1806 2204 1867 viae
2227 1806 2605 1885 descriptioni

487 1909 685 1951 curam
724 1891 1033 1963 tribueret,
1076 1901 1385 1954 moverunt
1422 1893 1801 1953 Polemonem
1836 1893 2153 1970 (Harpocr.
2184 1892 2221 1951 l.
2253 1910 2301 1952 c.
2340 1886 2605 1971 βιβλίον

1635 1967 2112 1994 θθθθθ

380 2013 385 2017 -
489 1967 642 2037 ὅλον
683 1969 1034 2054 Πολέμωνι
1080 1972 1450 2059 γέγραπται
1495 1997 1652 2059 περι
1695 1997 1810 2060 της
1854 1997 2033 2057 ιερας
2077 1971 2264 2054 οὸοὗ)
2297 1983 2354 2036 et
2381 1975 2600 2037 Pausa-

487 2060 862 2131 niam,’cuius
889 2061 1204 2140 descriptio
1237 2064 1397 2127 nunc
1425 2063 1795 2140 praecipuuS‚
1826 2061 1979 2121 unde
2011 2061 2082 2121 de
2110 2060 2225 2121 illis
2253 2060 2400 2122 locis
2425 2078 2601 2139 quae-

485 2151 679 2215 ratur,
719 2144 856 2205 fons
897 2153 987 2206 est
1027 2146 1237 2224 (Attica
1276 2166 1325 2206 c.
1360 2145 1686 2221 36—38):
1732 2147 2036 2224 itaneque
2068 2145 2219 2206 inter
2246 2145 2599 2207 recentiores

484 2228 952 2308 peregrinatores
1007 2230 1534 2309 antiquitatumque
1571 2230 1896 2291 Atticarum
1936 2230 2255 2308 scriptores
2295 2230 2600 2308 quisquam

484 2312 650 2373 facile
680 2313 784 2373 has
815 2314 1084 2392 regiones
1114 2315 1319 2391 attigit,
1353 2316 1492 2393 quin
1522 2316 1761 2375 ruinosa
1791 2315 1919 2388 ista,
1951 2314 2161 2394 quibus
2193 2333 2351 2375 nunc
2382 2314 2601 2375 obsitae

486 2403 653 2470 sunt,
691 2404 782 2459 tot
818 2399 1116 2476 religionis
1157 2399 1562 2460 sanctissimae
1594 2399 1849 2478 artisque
1877 2399 2339 2478 perfectissimae
2368 2397 2600 2477 vestigia

486 2482 749 2542 studiose
771 2483 996 2561 legerit:
1031 2502 1281 2563 quorum
1309 2502 1441 2544 cum
1468 2485 1587 2544 sint
1610 2484 1904 2563 permulti,
1928 2501 2089 2544 nunc
2113 2503 2217 2544 eos
2241 2491 2469 2545 tantum
2490 2502 2600 2544 no-

485 2566 742 2640 minab0‚
761 2567 858 2646 qui
878 2586 1019 2646 prae
1039 2569 1245 2628 ceteris
1266 2576 1533 2629 accurate
1555 2570 1625 2628 de
1647 2569 1716 2629 iis
1735 2568 2109 2629 commentati
2130 2575 2286 2642 sunt,
2303 2568 2448 2629 Guil.
2468 2568 2599 2628 Gel-

484 2650 626 2712 lium
650 2651 711 2712 in
737 2652 1032 2712 itinerario
1059 2651 1279 2713 Graeco
1309 2673 1366 2731 p.
1393 2652 1473 2713 33
1495 2672 1643 2733 sqq„
1676 2653 1954 2713 Krusium
1985 2660 2257 2714 nostrum
2283 2653 2342 2714 in
2372 2652 2601 2714 Hellade

484 2736 556 2809 ΙΙ,
594 2739 648 2809 1,
679 2755 737 2814 p.
776 2737 1142 2811 168—184,
1174 2744 1233 2798 et
1259 2738 1539 2798 Leakium
1570 2738 1631 2798 in
1661 2738 1850 2799 libello
1883 2738 1955 2798 de
1985 2737 2168 2799 demis
2198 2738 2428 2806 Atticis,
2469 2734 2603 2817 ¹ger-

485 2822 715 2882 manice
747 2840 918 2882 verso
952 2822 1023 2883 ab
1055 2824 1119 2883 Α.
1154 2822 1632 2897 Westermanno,
1676 2822 1982 2883 Brunsvici
2017 2821 2196 2895 1840,
2225 2841 2283 2900 p.
2322 2822 2440 2882 133
2472 2841 2598 2900 sqq.

483 2905 713 2966 Horum
766 2906 1270 2985 disquisitionibus
1325 2909 1476 2968 hanc
1520 2926 1712 2968 meam
1759 2906 2313 2968 commentationem
2360 2905 2602 2968 adiicere

482 2989 669 3063 liceat,
700 3007 812 3068 qua
845 2999 903 3050 et
931 3009 1080 3069 quae
1103 2991 1173 3052 ab
1196 2991 1305 3051 illis
1339 2992 1409 3051 de
1430 2992 1699 3052 locorum
1741 2992 1993 3053 maxime
2026 2991 2399 3070 antiquorum
2425 2991 2601 3052 vesti-

476 3073 593 3151 giis
626 3082 798 3154 atque
826 3075 1142 3135 intervallis
1176 3075 1469 3153 disputata
1503 3084 1642 3136 sunt
1671 3075 2166 3147 retractabuntur‚
2199 3084 2258 3137 et
2286 3075 2597 3154 antiquita-

483 3165 610 3219 tum
651 3178 948 3220 sacrarum
994 3167 1408 3236 monumenta,
1451 3160 1662 3238 quibus
1711 3160 1786 3220 illi
1826 3159 2117 3220 minorem
2148 3176 2344 3220 curam
2375 3160 2599 3221 tribue-

483 3250 638 3315 runt,
672 3263 847 3322 quam
880 3243 1129 3304 maxime
1154 3240 1277 3305 fieri
1310 3245 1527 3323 poterit
1555 3245 2014 3306 illustrabuntur.

653 3327 972 3388 Pausanias
1017 3330 1167 3388 viam
1213 3329 1656 3391 describendam
1689 3330 1916 3390 orditur
1943 3349 1972 3390 a
1997 3328 2240 3408 Dipy10,
2288 3347 2401 3408 qua
2431 3334 2601 3407 porta

484 3430 554 3470 ex
596 3411 741 3471 urbe
785 3412 846 3471 in
891 3413 1040 3473 viam
1087 3431 1310 3474 sacram
1357 3414 1648 3485 exibatur‚
1693 3421 1961 3492 recteque
2005 3413 2169 3487 fecit,
2217 3413 2269 3474 si
2307 3413 2457 3474 viam
2497 3431 2602 3492 per

482 3513 687 3573 agrum
734 3497 966 3557 ductam
1015 3516 1282 3577 opponas
1323 3499 1437 3577 ipsi
1480 3498 1609 3560 urbi
1649 3498 1970 3577 plateisque
2005 3498 2241 3559 urbiciS.
2313 3496 2601 3576 Pompam

480 3598 620 3640 vero
661 3581 878 3655 Iacchi,
927 3600 1037 3660 qua
1078 3583 1458 3661 potissimum
1493 3585 1636 3644 haec
1663 3583 1750 3642 via
1785 3602 1947 3643 sacra
1976 3591 2128 3656 erat,
2174 3582 2223 3643 si
2265 3601 2601 3662 sequamur,

483 3672 658 3743 caput
686 3665 809 3726 eius
841 3668 1166 3728 accuratius
1198 3669 1574 3729 statuendum
1605 3668 1715 3728 erit
1743 3666 1843 3742 ibi,
1875 3668 2032 3729 unde
2062 3668 2191 3746 ipsa
2215 3686 2435 3746 pompa
2459 3685 2603 3746 pro-

479 3748 863 3826 ficiscebatur,
896 3752 1243 3830 perpetratis
1276 3753 1445 3813 variis
1471 3753 1766 3815 sacrificiis
1790 3760 1960 3832 atque
1981 3752 2450 3823 lustrationibuS‚
2473 3752 2602 3831 qui-

478 3832 592 3894 bus
617 3842 856 3914 mystae,
882 3840 1193 3915 antequam
1215 3838 1404 3914 ipsam
1427 3838 1763 3898 Eleusinem
1787 3838 2029 3909 adirent,
2056 3837 2210 3916 apud
2240 3836 2601 3897 Eleusinium

480 3919 751 3980 urbicum
798 3921 1196 3998 purgabantur
1238 3928 1410 3999 atque
1440 3922 1952 4001 praeparabantur.
2012 3920 2377 3983 Eleusinium
2407 3926 2601 3981 autem

480 4001 618 4062 illud
651 4004 918 4065 urbicum
952 4000 1053 4081 (τὸ
1097 3998 1367 4080 ἐνθάδε,
1412 4003 1491 4067 τὸ
1536 3998 1881 4090 Ἀθήνῃσι,
1926 4003 2004 4067 τὸ
2050 4000 2119 4067 ἐν
2160 3997 2349 4066 ἄστει
2385 3995 2600 4066 Ἑλευ-

483 4079 719 4162 σίνιον,
758 4089 956 4168 Lysias
998 4108 1046 4150 c.
1076 4090 1366 4152 Andocid.
1408 4094 1445 4165 ξ
1478 4092 1545 4166 4;
1585 4089 1854 4169 Xenoph.
1891 4091 1962 4151 de
1991 4110 2055 4152 re
2088 4110 2179 4172 eq.
2208 4090 2267 4163 Ι,
2313 4091 2382 4165 13
2425 4091 2598 4170 Corp.
