2867 4717
931 435 1014 486 De
1044 436 1359 502 Aeschyli
1406 435 1642 487 Persis.
2279 434 2342 486 13

255 605 426 677 Quem
457 601 625 665 sicuti
654 602 717 663 in
746 601 969 674 ceteris,
1014 621 1160 683 quae
1190 601 1260 664 ab
1299 620 1368 664 eo
1399 607 1646 675 exstant,
1675 600 1888 665 fabulis
1921 600 2135 682 mythis
2165 600 2344 662 ador-

255 689 445 750 nandis
483 694 539 749 et
576 687 1052 767 interpretandis,
1093 688 1285 766 iisque
1325 688 1398 748 ad
1439 693 1625 748 certas
1653 687 1930 762 rationes,
1961 687 2116 748 unde
2145 686 2344 748 omnia

254 780 305 834 et
329 773 544 851 singula
566 773 809 834 derivari
832 773 1083 853 possint,
1115 770 1484 845 reducendis,
1514 771 1854 833 nominibus
1878 772 2126 851 denique
2150 771 2344 832 omni-

253 858 353 920 bus
382 877 445 920 ac
472 858 717 936 singulis
747 858 844 938 pie
883 876 951 918 ac
980 858 1275 938 sapienter
1305 854 1706 919 describendis
1747 856 1989 918 mirifice
2017 850 2243 941 σοφόν,
2289 863 2347 917 et

254 943 504 1005 omnium
535 943 893 1004 Graecorum
924 936 1249 1024 θεολόγον
1269 941 1433 1003 facile
1456 940 1782 1020 principem
1815 960 1949 1003 esse
1973 941 2347 1003 demonstra-

253 1028 323 1089 vit
357 1028 635 1090 Klausen:
687 1028 765 1090 ita
806 1047 939 1089 eum
982 1046 1091 1107 ego
1131 1028 1243 1089 hac
1286 1027 1346 1088 in
1404 1025 1600 1087 fabula
1644 1020 2172 1089 πολιτικώτατον
2216 1045 2348 1088 esse

253 1112 498 1187 dixerim,
533 1114 632 1192 qui
662 1131 785 1174 non
815 1114 994 1174 modo
1018 1113 1080 1174 in
1110 1112 1204 1186 iis,
1236 1130 1383 1191 quae
1410 1120 1538 1173 tum
1563 1119 1747 1186 erant,
1783 1111 2141 1175 Graecorum
2163 1111 2347 1174 ratio-

252 1197 408 1259 nibus
438 1198 712 1277 politiciS,
752 1197 853 1259 sed
895 1197 957 1259 in
985 1198 1258 1260 universa
1286 1195 1460 1258 etiam
1507 1195 1752 1276 quadam
1795 1197 2057 1259 omnium
2088 1197 2347 1276 gentium

254 1290 304 1343 et
330 1283 688 1344 saeculorum
709 1282 956 1345 historia
981 1283 1168 1344 mirus
1184 1281 1360 1362 ,iudex
1387 1289 1559 1362 atque
1581 1281 1797 1343 arbiter
1818 1282 2115 1344 exstiterit.
2146 1282 2349 1363 Neque

253 1386 376 1428 vero
404 1368 543 1430 illud
573 1367 636 1428 in
675 1369 791 1428 fine
826 1385 953 1428 non
993 1367 1422 1430 observandum
1462 1374 1571 1440 est,
1611 1374 1892 1446 quantum
1931 1367 2247 1447 Aeschylus
2286 1368 2349 1428 in

251 1460 392 1514 tanta
421 1453 702 1532 gravitate
732 1472 799 1515 ac
827 1453 1179 1516 sublimitate
1208 1452 1515 1513 efficienda
1543 1451 1615 1514 ab
1645 1451 1810 1531 ipsis,
1840 1451 2050 1532 quibus
2081 1452 2350 1514 utebatur

254 1555 379 1599 suae
408 1539 608 1599 aetatis
638 1538 972 1618 aequalibus
1018 1538 1250 1618 adJutus
1294 1536 1488 1599 fuerit.
1551 1536 1697 1598 Nam
1741 1537 2001 1616 primum
2040 1538 2183 1599 haec
2220 1537 2349 1616 ipsa

252 1621 398 1695 bella,
442 1642 593 1702 quae
623 1623 861 1685 Graecis
901 1641 1057 1684 nunc
1084 1622 1364 1684 adversus
1395 1620 1603 1683 Persas
1635 1621 1974 1684 sustinenda
2014 1625 2219 1684 erant4
2238 1626 2259 1663 ¹
2279 1621 2352 1698 Ι’),

253 1707 559 1769 maximum
589 1707 725 1769 illud
752 1715 812 1768 et
833 1708 905 1770 ad
930 1726 1139 1769 omnes
1157 1707 1517 1768 Graecorum
1544 1706 1911 1769 conditiones
1935 1707 2346 1785 gravissimum

253 1793 568 1866 effecerunt,
597 1800 663 1854 ut
692 1792 895 1854 Graeci
923 1792 1182 1855 universi
1205 1791 1447 1872 jamjam
1472 1793 1547 1854 ad
1571 1809 1746 1854 unam
1771 1793 2024 1872 amplam
2049 1792 2348 1854 nationem

254 1879 621 1956 conspirare4
638 1881 696 1954 2)
728 1885 785 1939 et
808 1896 1013 1940 omnes
1036 1897 1147 1959 pro
1172 1877 1412 1956 singulis
1438 1884 1592 1938 stare
1611 1875 1952 1956 inciperent.
1994 1877 2164 1951 Quid,
2190 1877 2348 1956 quod
2377 1897 2426 1936 ev

254 1981 316 2021 eo
343 1963 511 2024 etiam
547 1962 993 2025 universalitatis
1016 1999 1097 2007 -
1120 1970 1187 2024 ut
1215 1962 1291 2023 ita
1315 1961 1502 2023 dicam
1529 1996 1610 2006 -
1635 1961 1694 2022 in
1718 1961 1894 2022 rebus
1917 1961 2078 2022 domi
2110 1979 2178 2023 ac
2204 1961 2351 2024 foris

253 2049 503 2124 gerendis
542 2054 600 2109 et
619 2048 949 2128 judicandis
994 2066 1157 2109 nunc
1188 2047 1447 2126 primum
1477 2045 1886 2121 evehebantur,
1918 2053 1982 2109 ut
2012 2047 2218 2108 ceteris
2250 2065 2352 2108 or-

250 2130 330 2192 bis
358 2140 647 2196 terrarum
680 2134 940 2212 partibus
965 2134 1037 2194 ad
1062 2132 1351 2195 Barbaros
1377 2132 1598 2206 delatis,
1624 2131 1826 2194 Graeci
1850 2131 2133 2212 sibiipsis
2157 2133 2352 2195 Euro-

252 2233 347 2293 pae
371 2225 654 2297 tanquam
684 2225 878 2297 partes
910 2218 1211 2298 gerendas,
1244 2224 1302 2279 et
1331 2235 1496 2278 suam
1531 2217 1797 2296 gloriam,
1837 2217 2179 2289 libertatem,
2227 2218 2352 2280 cul-

252 2307 423 2363 turam
454 2301 713 2381 denique
746 2321 983 2366 omnem
1026 2303 1270 2364 eandem
1309 2302 1581 2382 Europae
1620 2321 1753 2363 esse
1791 2301 2211 2366 arbitrarentur
2231 2305 2350 2379 4³).

252 2385 572 2449 Consimilis
597 2395 792 2449 autem
823 2395 966 2450 tunc
987 2388 1237 2449 maxime
1265 2388 1553 2467 temporis
1581 2388 1729 2448 facta
1759 2395 1849 2449 est
1874 2405 2072 2449 rerum
2097 2388 2351 2467 posteris

254 2472 648 2536 tradendarum
682 2472 1009 2535 immutatio
1042 2492 1293 2545 summa,
1333 2490 1514 2552 eaque
1536 2472 1698 2533 valde
1729 2472 2143 2534 memorabilis.
2204 2472 2352 2534 Nam

253 2556 454 2632 missiS,
486 2560 547 2619 in
582 2557 795 2636 quibus
833 2558 1061 2638 priores
1093 2557 1473 2637 potissimum
1502 2558 1751 2631 fuerant,
1783 2557 1995 2619 fabulis
2027 2575 2355 2637 congeren-

256 2639 335 2700 dis
361 2650 415 2703 et
451 2644 523 2704 ad
565 2643 787 2703 nudam
828 2644 1076 2724 aliquam
1110 2642 1505 2705 narrationem
1541 2642 1888 2721 redigendiS,
1925 2642 2043 2723 jam
2085 2660 2244 2704 nunc
2280 2642 2352 2703 ad

254 2743 328 2800 ea,
366 2747 509 2807 quae
540 2729 839 2807 praesenti
867 2736 1136 2809 tempore
1163 2728 1532 2806 gerebantur,
1571 2728 1892 2788 enarranda
1935 2726 2355 2788 convertebam

254 2814 471 2890 tur44),
504 2831 692 2892 eaque
714 2812 790 2873 ita
815 2813 1049 2892 quidem
1074 2812 1473 2881 describenda,
1506 2819 1572 2873 ut
1592 2810 1931 2873 universalis
1957 2811 2210 2891 quidem,
2235 2831 2351 2893 quo
2381 2833 2433 2873 28

256 2897 435 2958 omnia
464 2906 734 2977 tempora
775 2906 833 2959 et
867 2899 994 2959 loca
1025 2898 1264 2970 coirent,
1307 2897 1584 2971 ambituS,
1625 2904 1683 2959 et
1727 2896 2061 2959 continuata
2093 2916 2291 2958 rerum
2323 2916 2356 2958 a

254 2980 447 3056 priscis
487 2982 645 3044 aevis
677 3001 865 3061 usque
907 2984 977 3045 ad
1018 3003 1083 3044 ea
1120 2989 1406 3061 tempora,
1451 3000 1599 3060 quae
1638 3000 1798 3044 nunc
1836 2989 2018 3054 erant,
2058 2990 2355 3061 gestarum

254 3065 418 3127 series
448 3068 792 3129 efficeretur.
849 3069 974 3141 Qua
997 3068 1057 3128 in
1088 3087 1153 3129 re
1171 3068 1328 3129 miro
1360 3068 1616 3147 quodam
1638 3069 1823 3129 modo
1848 3067 1999 3129 inter
2023 3075 2355 3130 accuratam

255 3147 389 3211 illam
418 3150 550 3213 τῶν
596 3147 1039 3237 συγγραφέων,
1072 3171 1218 3233 quae
1247 3171 1385 3213 mox
1415 3153 1652 3213 invaluit
1679 3153 2255 3231 historiographiam,
2299 3159 2358 3212 et

376 3354 492 3418 41b)
519 3354 598 3406 cf.
624 3372 749 3423 quae
777 3358 1031 3409 Wacbsm.
1058 3359 1119 3408 de
1145 3359 1235 3408 bac
1259 3373 1315 3408 re
1340 3357 1550 3407 disserit
1571 3354 1748 3407 helleni
1776 3354 1996 3407 Altertlz.
2017 3354 2079 3405 ΙΙ.
2105 3355 2262 3405 initio.

377 3423 460 3486 42)
486 3424 963 3476 Luculentissimum
989 3427 1135 3490 hujus
1161 3426 1236 3475 rei
1260 3427 1543 3490 exemplum
1570 3432 1742 3475 exstat
1759 3424 1806 3473 in
1829 3424 2230 3490 praeclarissima
2249 3423 2353 3485 illa,

255 3503 385 3552 quam
409 3491 638 3542 Aristide
665 3493 789 3544 duce
816 3495 1149 3544 Athenienses
1172 3494 1235 3543 ad
1262 3493 1444 3544 Persas
1471 3500 1523 3543 et
1546 3491 1966 3543 Lacedaemonios
1987 3492 2246 3557 dederunt,
2272 3506 2354 3540 re·-

255 3559 507 3620 sponsione
531 3559 715 3611 Herod.
741 3561 871 3612 Vlll.
905 3561 1014 3612 143.
1040 3562 1151 3611 144.
1204 3561 1294 3613 Ubi
1321 3562 1457 3611 inter
1480 3561 1603 3611 aliu:
1640 3556 1703 3610 τὸ
1723 3555 2038 3624 Ἑλληνικὸν
2070 3555 2165 3609 ἑὸν
2191 3553 2354 3642 ὅμαι-

254 3619 357 3705 μόν
377 3643 435 3707 15
458 3627 551 3677 καὶ
578 3623 950 3698 ὁμόγλωσσον
972 3630 1065 3680 καὶ
1088 3629 1237 3681 θεῶν
1264 3623 1434 3698 ἱὸρύμ
1445 3622 1542 3678 vrci
1567 3643 1626 3679 τε
1650 3625 1810 3678 κοινὰ
1845 3626 1936 3678 καὶ
1962 3631 2175 3687 θυσίαι,
2209 3621 2355 3691 ήθεοί

256 3707 309 3742 τε
332 3711 729 3841 ορἑἷεὲὶΐῗῒῗῇοτ.
754 3765 793 3816 l.
821 3764 869 3815 4.
895 3763 995 3830 τὴν
1016 3760 1327 3850 γὰρΆσίην
1350 3764 1445 3814 καὶ
1468 3759 1534 3814 τὰ
1561 3760 1879 3815 ἐνοικέοντα
1906 3760 2073 3815 ἔθνεα
2106 3757 2356 3832 βάρβαρα

259 3826 576 3948 οἰκειειὶνται
611 3832 669 3883 οἱ
699 3834 943 3902 Πέρσαι,
976 3847 1078 3899 την
1110 3830 1173 3885 δὲ
1202 3827 1487 3903 Εὐρώπην
1530 3831 1622 3882 καὶ
1662 3829 1726 3881 τὸ
1765 3826 2082 3895 Ἑλληνικὸν
2126 3824 2358 3897 ἥγηνται

256 3909 307 3945 κε
343 3913 384 3946 ω
448 3903 521 3949 σθ
533 3916 605 3949 αι.

301 3913 343 3962 χ
416 3966 464 4025 4)
506 3965 561 4016 ld
605 3969 751 4033 primi
792 3967 1021 4019 fecerunt
1057 3969 1207 4018 Asius
1251 3976 1306 4018 et
1337 3967 1607 4034 Panyasis,
1661 3965 1725 4018 cf.
1760 3967 1933 4019 Naeke
1976 3966 2157 4016 Choer.
2193 3982 2238 4032 p.
2273 3964 2357 4017 64.

260 4028 519 4098 Dionysius
548 4035 775 4087 Milesius
807 4037 995 4102 primus
1020 4037 1226 4087 Persica
1259 4036 1391 4087 bella
1429 4036 1760 4101 descripsisse
1796 4035 2000 4100 dicitur,
2035 4031 2098 4085 cf.
2133 4033 2358 4085 Crenzer

258 4097 429 4152 histor.
451 4101 620 4155 Kunst
641 4104 733 4156 der
758 4103 1001 4157 Gn‘echen
1025 4121 1072 4173 p.
1100 4105 1181 4155 91.
