2867 4717
493 413 562 466 92
690 392 694 395 Ἴ
1076 410 1527 480 quaestiones
1576 411 1650 464 de
1699 412 2022 466 historia·

490 568 611 631 ludi
640 554 1038 648 solebatsipse
1059 568 1325 647 praefixit
1353 567 1791 645 grammaticae,
1823 568 1942 628 sive
1970 587 2039 628 ex
2069 567 2324 647 epitoma
2355 571 2503 644 eiuS,
2539 573 2621 632 ad

491 673 664 733 quam
716 653 1033 715 Herodiani
1083 652 1426 731 prosodiam
1480 651 1821 713 catholicam
1875 659 2296 727 coarctaverat,
2347 657 2619 733 praefixa

491 747 616 800 erat
655 738 728 799 ab
771 737 1217 809 Choerobosco,
1273 743 1427 796 certe
1467 754 1703 809 eorum,
1757 737 1856 814 qui
1898 738 2224 799 secundum
2263 738 2617 819 Dionysium

488 823 926 902 grammaticam
966 820 1266 882 studiosae
1295 821 1707 899 Byzantiorum
1746 821 2028 883 iuventuti
2069 822 2616 902 interpretarentur,

487 908 716 968 videtur
734 908 919 968 fuisse
940 906 1383 985 antiquissimus
1410 905 1699 967 omnium.
1752 906 1926 979 Quod
1949 907 2021 967 ad
2046 914 2237 968 cetera
2267 908 2392 969 eius
2425 929 2617 989 opera

488 992 722 1061 attinet,
776 992 936 1052 vides
989 1010 1057 1051 ex
1098 990 1358 1068 catalogo
1401 1008 1608 1051 eorum
1648 990 1953 1051 delendam
1995 1009 2127 1052 esse
2166 993 2613 1068 grammaticam

492 1076 840 1148 Theodosii,
881 1082 1190 1137 tractatum
1223 1068 1379 1155 περὶ
1427 1067 1581 1155 ὅρου
1626 1082 1763 1146 etc.,
1803 1076 1875 1136 cf.
1917 1094 2096 1154 supra
2143 1079 2179 1149 ξ
2212 1078 2281 1150 4;
2320 1077 2388 1150 8;
2428 1077 2488 1138 9.
2523 1113 2613 1121 -—

487 1161 634 1222 Vere
664 1160 925 1239 scripsit:
975 1162 1033 1235 1)
1067 1160 1385 1238 epitomam
1415 1158 1759 1232 Herodiani,
1801 1178 1947 1238 quae
1986 1160 2158 1238 vulgo
2189 1160 2463 1222 tribuitur
2494 1162 2610 1223 Ar-

492 1245 684 1320 cadio,
729 1265 781 1304 V.
827 1251 863 1321 ξ
896 1247 953 1305 5.
988 1244 1052 1321 2)
1095 1262 1351 1309 canones
1380 1243 1708 1323 isagogicos
1741 1245 1814 1306 de
1842 1244 2091 1305 flexione
2118 1244 2429 1307 nominum
2460 1246 2613 1319 sub-

490 1329 872 1391 stantivorum
916 1336 1088 1408 atque
1115 1329 1461 1400 verborum,
1507 1347 1659 1406 quos
1699 1328 1878 1389 edidit
1905 1329 2202 1390 Bekkerus
2233 1329 2446 1392 Anecd.
2480 1331 2607 1390 Vol.

487 1414 582 1491 111,
615 1434 673 1494 p.
707 1414 1132 1474 975—1061:
1167 1413 1378 1492 quibus
1411 1413 1550 1474 item
1583 1414 2022 1491 grammaticae,
2065 1433 2211 1493 quae
2241 1416 2312 1476 ad
2342 1415 2610 1495 Dionysii

490 1499 904 1578 compendium
943 1498 1092 1559 tradi
1123 1497 1374 1569 solebat,
1419 1498 1865 1575 usurpationem
1906 1499 2136 1559 munire
2176 1506 2347 1578 atque
2391 1500 2607 1577 ampli-

488 1585 662 1645 ficare
703 1583 958 1644 voluisse
995 1583 1292 1661 putandus
1335 1588 1443 1642 est.
1503 1581 1626 1642 Hos
1668 1582 1875 1643 deinde
1917 1585 2341 1645 commentario
2373 1584 2606 1646 uberri-

487 1686 588 1728 mo
612 1668 892 1728 instruxit
913 1666 1377 1740 ChoeroboscuS,
1407 1685 1461 1725 v,
1487 1666 1665 1726 Bekk.
1691 1667 1907 1727 Anecd.
1939 1686 1998 1746 p.
2030 1666 2284 1728 1180—-
2302 1668 2463 1730 1296
2487 1671 2605 1745 14),

491 1752 655 1814 cuius
685 1759 928 1827 aetatem
961 1751 1345 1828 Goettlingius
1372 1751 1667 1812 Tbeodos,
1701 1770 1757 1830 p.
1789 1751 1925 1814 XIII
1956 1771 2026 1812 eo
2059 1752 2277 1826 definit,
2309 1753 2466 1831 quod
2497 1771 2603 1812 vo-

492 1844 657 1898 catur
694 1837 901 1897 doctor
943 1836 1382 1907 oecumenicuS,
1435 1835 1620 1896 Musei
1673 1836 2032 1897 oecumenici
2083 1836 2370 1898 institutio
2412 1844 2604 1898 autem

494 1921 706 1982 abolita
737 1929 828 1982 est
854 1939 960 2000 per
990 1922 1247 1981 Leonem
1279 1921 1578 1993 Isaurum‚
1622 1927 1685 1980 ut
1723 1920 1927 1981 vixerit
1968 1927 2101 1980 ante
2140 1941 2188 1982 a.
2223 1921 2347 1982 730
2379 1940 2434 2000 p.
2468 1922 2602 1982 Chr.

490 2006 830 2068 Accuratius
867 2013 1136 2085 tempora
1177 2005 1707 2083 circumscripseris
1747 2005 1911 2077 inde,
1965 2006 2123 2083 quod
2170 2005 2381 2066 citatur
2421 2005 2492 2067 ab
2531 2024 2602 2066 eo

493 2090 827 2171 Stephanus
869 2089 1198 2170 Byzantius
1240 2109 1331 2168 ap.
1363 2089 1545 2149 Bekk.
1577 2108 1634 2168 p.
1674 2089 1863 2162 1201,
1907 2090 1983 2166 [in
2027 2089 2282 2150 editione
2314 2090 2602 2152 Gaisford.

491 2193 549 2253 p.
583 2174 733 2247 326,
766 2176 822 2251 7]
858 2193 1032 2253 quem
1065 2174 1509 2252 grammaticum
1541 2173 2026 2234 Westermannus
2056 2190 2246 2252 nuper
2276 2174 2605 2236 verisimili-

489 2267 579 2320 ter
607 2260 834 2338 putavit
861 2259 1071 2319 vixisse
1103 2258 1338 2319 ineunte
1366 2264 1426 2317 et
1455 2257 1648 2319 medio
1682 2259 1911 2319 saeculo
1946 2266 2141 2330 sext0,
2184 2259 2302 2325 sub
2328 2258 2605 2321 Iustinia-

487 2362 568 2404 no
603 2343 986 2423 imperatore3
1027 2343 1229 2423 Steph.
1273 2343 1340 2403 Β.
1383 2362 1441 2422 p.
1474 2344 1536 2403 V.
1571 2342 1784 2415 Simul,
1828 2361 1958 2403 cum
2001 2362 2094 2422 ap.
2123 2343 2302 2403 Bekk.
2345 2363 2402 2422 p.
2441 2343 2601 2404 1182

493 2428 574 2505 [in
605 2428 694 2488 ed.
726 2427 902 2489 Gaisf.
935 2447 992 2507 p.
1025 2427 1126 2501 29,
1161 2427 1197 2487 3
1230 2434 1288 2487 et
1317 2427 1416 2499 91,
1453 2428 1547 2503 10]
1581 2420 2019 2510 μοναστήριόν
2058 2422 2205 2489 ἔστι
2246 2423 2433 2511 παρὰ
2462 2428 2601 2501 τοῖς

491 2505 991 2593 Ἀλεξανδρεῦσι
1033 2507 1166 2572 κτλ.
1215 2510 1666 2571 Choeroboscus
1717 2513 1787 2572 de
1825 2511 1971 2572 urbe
2021 2512 2365 2574 Alexandria
2398 2513 2485 2573 sic
2513 2512 2601 2590 lo·-

491 2605 727 2677 quatur,
768 2604 835 2657 ut
873 2596 1141 2657 nondum
1182 2596 1300 2656 hoc
1332 2603 1598 2673 tempore
1639 2615 1668 2656 a
1713 2596 2018 2657 Saracenis
2059 2604 2383 2675 expugnata
2422 2597 2602 2656 fuisse

411 2702 462 2742 30
490 2683 777 2754 videatur,
819 2681 1178 2742 concluseris
1219 2699 1353 2741 eum
1393 2680 1607 2740 vixisse
1639 2688 1772 2740 ante
1804 2699 1854 2742 a.
1890 2680 2011 2741 638
2036 2683 2149 2755 15).
2212 2682 2478 2742 Ceterum
2510 2680 2604 2741 hic

492 2786 728 2840 eorum,
771 2766 866 2846 qui
906 2766 1145 2826 laetiora
1168 2765 1293 2832 ‚ista
1332 2765 1565 2825 scholae
1593 2764 1940 2843 Byzantinae
1977 2773 2242 2844 tempora
2273 2765 2600 2843 attigerunt,

491 2851 702 2932 quibus
739 2851 962 2911 multus
1001 2851 1071 2910 ab
1110 2849 1564 2929 imperatoribus
1594 2849 1791 2910 honor
1817 2848 2172 2911 tribueretur
2199 2849 2600 2930 frequentissi-

489 2953 704 3013 maque
738 2935 944 2995 litteris
977 2934 1230 3011 antiquis
1258 2934 1609 2995 bibliotheca
1638 2940 1887 3013 pateret,
1927 2934 2091 2995 facile
2118 2934 2479 2996 novissimus
2508 2934 2600 2995 fu-

491 3019 617 3080 erit.
687 3019 985 3080 Successit
1039 3017 1247 3078 deinde
1287 3037 1353 3078 ea
1393 3026 1581 3089 secta,
1625 3038 1768 3096 quae
1806 3019 1950 3079 nihil
1991 3026 2221 3098 praeter
2259 3018 2600 3097 Dionysium

488 3104 733 3176 tradere,
764 3103 910 3164 nihil
938 3102 1054 3162 nisi
1082 3103 1517 3179 grammaticam
1547 3103 1985 3182 interpretando
2018 3104 2401 3165 commentari
2429 3103 2600 3163 aude-

490 3189 657 3265 bant3
690 3207 804 3268 quo
836 3187 1143 3249 referenda
1172 3207 1236 3248 ea
1261 3187 1533 3261 nomina,
1573 3206 1720 3266 quae
1760 3196 2103 3266 comparent
2138 3188 2196 3247 in
2232 3187 2600 3249 Scholiorum

493 3274 832 3334 collectione
859 3272 1243 3344 Bekkeriana,
1287 3272 1358 3332 de
1389 3272 1600 3349 quibus
1634 3272 1964 3351 expositum
1996 3280 2085 3332 est
2114 3275 2150 3346 ξ
2184 3274 2240 3332 7.
2301 3272 2601 3334 Diuturni-

494 3377 657 3419 orem
688 3357 1093 3429 traditionem,
1124 3363 1434 3435 antequam
1468 3357 1537 3416 ad
1569 3364 1783 3417 certam
1816 3357 2072 3417 formam
2103 3357 2336 3417 condita
2360 3364 2466 3427 est,
2498 3375 2600 3415 ex-

490 3450 655 3521 perta
679 3461 809 3503 esse
831 3441 1130 3502 videbatur
1152 3460 1217 3501 ea
1240 3449 1517 3502 notarum
1543 3441 1863 3519 congerieS,
1887 3459 2037 3519 quae
2060 3441 2211 3502 edita
2236 3449 2326 3502 est
2347 3460 2378 3503 a
2403 3442 2600 3501 Goett-

489 3527 700 3606 lingio‚
741 3547 792 3586 v.
836 3530 871 3600 ᾧ
916 3526 982 3598 8,
1025 3544 1198 3605 quam
1242 3533 1383 3605 post
1420 3526 1886 3604 Etymologicum
1924 3526 2195 3603 Magnum
2239 3526 2597 3605 profligatam

632 3779 711 3842 14)
752 3779 976 3843 [Georgii
996 3778 1332 3829 Choerobosci
1357 3779 1542 3829 dictata
1568 3778 1616 3827 in
1636 3778 1908 3829 Theodosii
1932 3795 2153 3830 canones
2178 3795 2271 3830 nec
2294 3796 2391 3830 non
2415 3780 2598 3844 epime-

492 3846 630 3896 rismi
655 3847 701 3896 in
723 3848 957 3911 psalmos,
994 3848 1034 3897 E
1063 3847 1204 3896 codd.
1225 3862 1373 3896 mser.
1402 3847 1558 3896 edidit
1578 3844 1671 3895 Th.
1696 3845 1944 3913 Gaisford‚
1976 3847 2036 3897 T.
2060 3847 2207 3910 1-3‚
2231 3848 2410 3898 Oxonii
2435 3846 2594 3909 1842]

537 3969 542 3977 κ
631 3916 710 3978 15)
750 3916 994 3965 Similiter
1015 3915 1062 3964 in
1091 3914 1312 3963 Crameri
1330 3914 1519 3964 Anecd.
1540 3911 1597 3980 Π,
1618 3930 1663 3979 p.
1688 3914 1784 3963 237
1806 3909 2087 3981 Λάγειον·
2116 3908 2287 3971 οὕτως
2306 3915 2517 3982 λέγεται
2533 3910 2594 3962 τὸ

494 3979 892 4050 ἱπποδρόμιον
925 3977 1351 4050 Ἀλεξανδρείας.
1409 3981 1531 4031 lbid.
1566 3997 1613 4046 p.
1644 3980 1739 4030 188
1775 3983 1907 4032 inter
1938 3982 2036 4034 alia
2062 3984 2256 4032 nomina
2282 3981 2596 4047 imperatoria

492 4050 726 4100 laudatur
750 4066 924 4101 nomen
950 4049 1144 4100 Iustini.
2251 4069 2266 4074 ·
