2867 4717
451 408 558 462 144
911 411 1002 464 De
1039 424 1274 465 caussa
1307 410 1608 488 nominis
1645 409 2090 480 Caryatidum.

450 566 511 627 in
538 572 696 627 tanta
724 566 808 627 rei
837 565 1173 646 antiquitate
1199 567 1365 628 facile
1394 566 1678 627 excusari.
1738 567 1888 628 Eum
1912 583 2171 627 errorem
2203 565 2256 626 si
2286 564 2560 646 dempse-

345 672 424 714 406
450 651 549 723 τίς,
575 651 909 730 ceteroquin
929 669 1055 713 rem
1079 670 1273 712 veram
1297 651 1520 713 narrari
1546 650 1883 725 credideris3
1909 651 2126 712 scilicet
2147 651 2353 710 eodem
2376 651 2564 712 ferme

451 744 736 814 tempore,
767 754 886 815 quo
910 737 1172 816 porticus
1196 736 1431 797 Persica
1455 736 1747 797 aedificata
1779 743 1886 807 est,
1920 737 2072 797 aliud
2101 735 2429 797 aedificium
2462 755 2562 796 ex-

453 827 737 883 structum
757 821 959 895 fuisse,
984 839 1099 901 quo
1119 821 1447 902 Caryatium
1463 820 1754 895 mulieres,
1778 821 2084 882 matronali
2101 820 2301 881 habitu
2319 821 2560 901 conspi-

452 923 620 977 cuae,
662 924 771 984 pro
806 906 1093 967 columnis
1135 913 1385 967 statutae
1422 905 1672 967 fuerint:
1714 924 1825 984 qua
1867 905 2214 966 contumelia
2253 906 2428 967 simul
2466 925 2563 967 re-

454 1007 743 1069 sponsum
774 998 866 1051 est
892 990 1373 1052 insolentioribus
1404 991 1534 1051 istis
1564 990 1945 1067 Tegeatarum
1977 990 2398 1064 monumentis,
2430 991 2563 1069 qui—

451 1074 567 1219 Ιᾶιιζ
604 1075 816 1236 ἰὶεᾶξιῖις
846 1076 1131 1137 matronis
1173 1075 1310 1136 olim
1341 1082 1504 1153 terga
1539 1075 1769 1136 dedisse
1801 1075 2123 1155 Spartanos
2154 1076 2413 1154 posteris
2442 1082 2564 1136 tra-

498 1179 527 1219 e
572 1178 602 1220 a
629 1177 700 1221 ur
824 1206 837 1220 .
1388 1189 1396 1195 ·

597 1332 677 1394 17)
714 1330 778 1383 V.
803 1332 852 1380 in
876 1328 1050 1394 primis
1075 1328 1222 1379 Paus,
1249 1326 1388 1391 VIII,
1413 1329 1504 1392 48,
1532 1328 1562 1377 3
1590 1325 1707 1379 ἔστι
1732 1325 1796 1379 δὲ
1829 1327 1923 1379 καὶ
1951 1323 2146 1396 Ἄρεως
2167 1321 2393 1396 ἄγαλμα
2417 1326 2479 1380 ἐν
2502 1326 2568 1397 τῇ

463 1401 750 1467 Τεγεατῶν
773 1395 971 1467 ἀγορᾷ.
991 1397 1154 1446 τοῦτο
1179 1390 1552 1447 ἐκτετύπωται
1573 1393 1679 1464 μὲν
1703 1394 1799 1447 ἐπὶ
1824 1391 2009 1465 στήλῃ,
2037 1399 2481 1449 Γυναικοθοίναν
2505 1393 2571 1445 δὲ

460 1461 836 1536 ὀνομάζουσιν
860 1459 1030 1517 αὐτόν
1052 1462 1164 1515 κτλ.

467 2261 540 2325 (Ρ.
561 2259 678 2324 403,
704 2259 761 2309 Z.
787 2260 849 2308 14
873 2261 1045 2309 stehen
1069 2259 1117 2308 in
1145 2259 1238 2308 den
1264 2258 1447 2308 Annali
1476 2260 1599 2308 noch
1623 2258 1704 2307 die
1734 2256 1941 2308 Worte:
1971 2251 2121 2323 ‘quae
2149 2257 2339 2320 figurae
2365 2263 2575 2322 propter

466 2330 726 2379 raritatem
736 2327 846 2377 huic
866 2326 1210 2377 dissertationi
1227 2327 1427 2375 additae
1449 2326 1632 2376 suntin
1654 2323 1776 2376 Tab.
1796 2326 1893 2375 adi.
1915 2319 1982 2387 P:
2010 2326 2091 2375 die
2110 2325 2205 2389 ich,
2234 2325 2295 2375 da
2316 2325 2396 2374 die
2426 2321 2572 2374 Tafel

745 2396 880 2445 nicht
905 2391 1161 2458 beigeffigt
1186 2395 1389 2444 werden
1414 2394 1623 2457 konnte,
1650 2393 1995 2457 weggelassen
2023 2392 2163 2442 habe.
2212 2391 2295 2455 R.)
