2867 4717
836 434 1318 500 grammaticae
1363 432 1801 502 Byzantinae.
2298 434 2367 485 93

207 608 353 650 esse
390 589 670 649 cerniter
697 606 768 648 ex
795 608 854 668 p.
889 590 987 663 10,
1019 589 1101 650 26
1131 590 1202 651 ed
1234 588 1444 650 Goettl.
1505 589 1783 650 Eiusdem
1813 588 2028 651 indolis
2058 595 2196 650 sunt
2223 606 2371 668 quae

209 692 429 753 nuper
484 674 553 734 in
594 673 913 734 Anecdotis
949 673 1380 735 Oxoniensibns
1426 673 1551 733 Vol.
1591 674 1669 734 111
1720 680 1779 734 et
1816 673 1892 734 IV
1930 673 2150 753 passim
2191 672 2371 735 edidit

219 759 588 832 Cremerae,
622 764 680 817 et
708 758 989 836 opuscula
1022 758 1397 835 grammatica
1427 758 1708 819 Manuelis
1735 757 2102 837 Moschopnli
2133 756 2372 818 Creten-

222 844 333 915 εἰς,
368 842 541 903 edita
575 861 607 902 a
638 841 826 902 Titzio
856 843 1016 922 Lips.
1054 843 1233 915 1822,
1269 842 1369 922 qui
1400 842 1542 903 vixit
1571 842 1681 903 sub
1713 842 2090 920 palaeologis.
2143 842 2372 903 Ultimis

221 926 499 1006 denique
548 926 798 987 saeculis
837 927 1009 988 etiam
1052 947 1118 988 ea
1161 927 1423 989 collectio
1465 927 1813 1005 assignanda
1852 926 2104 995 videtur,
2148 944 2260 1005 qua
2301 927 2372 986 de

225 1013 468 1073 dictum
501 1017 599 1071 est
628 1014 664 1084 ξ
696 1010 754 1071 9.

415 1096 490 1156 D.
523 1095 764 1174 Dorpati
793 1095 866 1156 Μ.
897 1096 1168 1158 Ianuario
1200 1098 1265 1155 A.
1297 1096 1363 1156 D.
1396 1095 1754 1158 MDCCCXL.

388 1620 462 1683 [ln
490 1619 658 1681 Bezng
681 1615 772 1667 auf
790 1617 1168 1668 Choeroboscns
1192 1619 1434 1668 verweist
1457 1617 1658 1667 Preller
1676 1618 1725 1667 in
1746 1618 1887 1668 einer
1903 1616 2371 1669 handschril'tlicben

239 1688 385 1738 Note
428 1702 512 1736 am
546 1686 751 1736 Schluss
797 1686 964 1735 dieser
999 1685 1332 1749 Abhandlnng
1373 1684 1465 1735 anf
1492 1685 1783 1735 Eustathins
1820 1685 2289 1736 Thessalonicensis
2321 1688 2373 1737 in

244 1758 494 1822 hymnum
530 1753 925 1819 pentecostalem
958 1755 1011 1804 S.
1044 1752 1116 1802 lo.
1154 1753 1449 1804 Damasceni
1483 1753 1560 1803 bei
1594 1752 1695 1802 Mai
1728 1753 2049 1818 Spicileginm
2085 1754 2373 1818 Romanum,

243 1822 307 1872 T.
336 1822 408 1884 V,
433 1821 560 1872 Rom
591 1821 735 1883 1841,
761 1836 843 1886 pg.
873 1820 992 1885 166,
1019 1821 1110 1870 der
1132 1836 1229 1870 von
1254 1823 1441 1902 denen,
1468 1822 1547 1870 die
1572 1822 1682 1870 dem
1705 1819 1949 1871 Iohannes
1975 1822 2201 1871 Damaso.
2227 1823 2372 1871 einen

244 1891 526 1940 Beinamen
562 1888 794 1969 gegeben
818 1889 1016 1952 hatten,
1052 1895 1188 1952 sagt·
1226 1883 1321 1944 οὓς
1351 1858 1460 1954 ἐγώ
1495 1887 1649 1967 μισῶ
1684 1885 1835 1938 καθὰ
1861 1888 1953 1937 καὶ
1979 1882 2176 1942 ἄλλους
2201 1887 2259 1937 οἳ
2282 1892 2379 1938 καί

246 1974 380 2009 τινα
405 1970 478 2008 σο
533 1954 600 2008 ὸν
631 1927 1019 2006 διδάσκαλο
1037 1971 1070 2007 ν
1103 1953 1400 2007 παλαιὸν
1424 1949 1668 2009 πολλοὺς
1693 1956 1744 2017 (l.
1771 1951 1953 2005 πολλὰ
1980 1956 2104 2005 oder
2125 1955 2372 2017 πολλοῖς)

245 2027 345 2076 καὶ
371 2025 560 2075 πολα
525 2025 672 2091 αχῶς
695 2022 756 2075 ἐν
777 2018 970 2105 λόγοις
993 2021 1409 2104 ὀμματωσαντα
1433 2017 1576 2105 φερό
1627 2037 1743 2074 ενοι
1759 2018 1963 2104 φθόνῳ
1984 2020 2378 2104 Χοιροβοσκὸν

248 2041 657 2176 ἐπωνόμασαν,
686 2087 786 2141 οὐκ
808 2085 879 2143 ἂν
901 2090 1116 2143 ἐκεῖνον
1142 2084 1314 2147 ου’τως
1337 2087 1540 2142 ἑαυτὸν
1601 2090 1855 2153 ηλοῦντα,
1881 2084 1973 2142 ὅτε
1989 2088 2229 2172 γράφων
2251 2088 2377 2158 ἐχα-

250 2155 548 2227 ρακτὴριζε
587 2159 653 2209 τὰ
698 2159 894 2210 οἰκεῖα.
928 2187 996 2196 —
1027 2187 1095 2195 —
1141 2152 1269 2210 ὅσοι
1304 2156 1367 2209 δὲ
1391 2155 1788 2241 Χοιροβοσκόν
1820 2156 1919 2210 τὸν
1951 2174 2050 2223 την
2081 2158 2376 2226 λογίοτητα

247 2229 536 2278 τοσοῦτον
562 2227 958 2290 σιλλαίνουσιν,
987 2225 1094 2278 ειεν
1116 2223 1229 2278 ὑπὸ
1258 2223 1472 2298 συβωτῃ
1498 2220 1771 2293 ἀγόμενοι
1796 2228 1912 2289 etc.]
