2867 4717
947 429 1030 482 De
1063 428 1366 498 Aeschyli
1401 428 1644 483 Persis.
2291 427 2351 481 11

257 595 525 675 ingenuae
545 595 645 673 28)
677 593 974 659 caritatem
1003 595 1305 669 excitatos,
1334 614 1517 675 quum
1547 593 1756 657 talibus
1780 593 2130 673 imaginibus
2159 594 2358 676 splen-

259 682 393 743 dore
420 680 578 741 omni
609 699 679 741 ac
705 678 1057 772 sublimitate
1079 698 1215 743 cum
1237 682 1490 745 maxime
1512 679 1838 759 insignibus
1860 698 1959 741 res
1983 699 2123 742 suas
2147 681 2356 744 adum-

255 765 437 829 bratas
464 765 851 829 intuerentur.
911 763 1016 826 Cui
1043 766 1130 825 rei
1161 785 1293 826 cum
1327 773 1529 839 cetera,
1558 773 1683 826 tum
1715 766 2060 843 praesertim
2089 765 2361 844 grandis-

258 850 462 913 simum
499 850 660 924 illud,
701 850 858 928 quod
898 850 1240 927 excogitavit
1280 850 1515 923 Noster,
1544 851 1756 911 mirum
1790 858 2069 928 quantum
2102 850 2357 924 inservit,

257 936 404 1014 quod
433 934 834 1014 amplissimus
870 934 1045 1011 simul
1094 943 1153 996 et
1191 954 1309 1015 quo
1352 952 1561 997 omnes
1601 935 1865 995 omnium
1907 943 2240 1015 temporum
2292 954 2360 997 ac

257 1021 514 1083 locorum
543 1020 751 1081 Graeci
779 1018 851 1083 ad
881 1037 1060 1081 unam
1088 1038 1214 1081 rem
1255 1021 1568 1082 convenire
1606 1019 1928 1093 videantur,
1971 1019 2131 1081 orbis
2183 1028 2357 1098 atque

256 1105 522 1169 circuitus
553 1106 792 1167 effectus
822 1111 930 1165 est.
976 1105 1205 1167 Etenim
1231 1123 1351 1166 non
1382 1113 1503 1167 tam
1522 1123 1687 1166 nunc
1707 1104 1963 1184 primum
1988 1105 2048 1165 id
2079 1123 2248 1183 agere
2269 1104 2356 1166 vi·-

255 1190 449 1255 demus
481 1190 738 1251 Graecos
767 1190 1077 1251 universos
1109 1190 1179 1251 ab
1213 1190 1301 1265 iis,
1333 1191 1433 1269 qui
1464 1191 1660 1253 Asiam
1691 1197 1891 1250 tenent
1918 1207 2108 1269 usque
2130 1191 2201 1251 ad
2233 1208 2358 1263 ene,

254 1275 344 1353 qui
361 1275 617 1337 Siciliam
648 1281 706 1335 et
743 1273 962 1336 ltaliam
993 1276 1273 1348 incolunt,
1311 1276 1381 1337 ad
1411 1293 1591 1336 unam
1631 1274 1914 1335 rationem
1956 1282 2258 1348 coeuntes,
2292 1282 2359 1336 ut

254 1378 390 1433 eam,
409 1378 561 1439 quae
589 1359 922 1421 communis
951 1360 1220 1423 omnium
1250 1361 1343 1432 sit,
1374 1360 1696 1421 libertatem
1721 1366 1779 1420 et
1796 1360 2025 1421 laudem
2050 1360 2357 1438 pristinam

253 1462 281 1503 a
301 1444 601 1516 confertis,
631 1444 731 1522 qui
758 1443 1018 1522 undique
1049 1445 1323 1507 infestant
1350 1444 1515 1524 ipsis,
1547 1445 1935 1507 Barbarorum
1963 1444 2229 1505 omnium
2262 1463 2360 1505 ca-
2387 1456 2438 1495 2³

253 1529 416 1591 terris
438 1529 772 1591 defendant.
823 1529 1037 1590 Verum
1065 1529 1220 1592 idem
1250 1531 1323 1592 ab
1346 1531 1796 1608 omnitempore
1817 1529 2066 1608 agebant
2084 1529 2358 1591 illustris-

253 1613 376 1675 simi
398 1615 615 1693 quique
629 1613 884 1693 majores
899 1613 1280 1693 longinquam
1297 1615 1435 1676 olim
1453 1615 1785 1677 Colchidem
1802 1633 1871 1676 eo
1889 1614 2134 1676 consilio
2151 1621 2360 1693 peten-

251 1705 354 1772 teS,
372 1706 439 1763 ut
453 1698 656 1763 Phrixi
686 1700 958 1771 animam,
979 1718 1012 1761 e
1036 1696 1269 1761 Graecia
1293 1701 1568 1774 exsulem,
1590 1708 1649 1761 et
1671 1708 1935 1761 sanctum
1959 1699 2156 1761 arietis
2180 1699 2358 1763 vellus

253 1798 485 1847 aureum
519 1783 742 1863 patriae
770 1783 1142 1846 vindicarent.
1202 1784 1405 1865 Neque
1433 1804 1571 1847 vero
1604 1785 1662 1846 id
1693 1776 1843 1846 ἄνευ
1888 1780 2069 1845 θεῶν
2097 1784 2360 1846 fecerunt

251 1868 504 1948 unique:
536 1868 752 1931 etenim
781 1868 951 1931 sicuti
987 1869 1072 1929 illi
1107 1888 1139 1931 a
1169 1869 1412 1941 Phineo,
1455 1870 1634 1930 Persa
1677 1869 1953 1948 mythice,
1992 1869 2360 1949 juvabantur,

252 1971 412 2032 quem
444 1953 787 2014 Welckerus
818 1952 1121 2031 ingeniose
1153 1972 1284 2013 cum
1309 1954 1529 2015 Heleno
1561 1954 1834 2014 hostibus
1866 1971 2007 2015 suae
2035 1953 2220 2032 ipsius
2251 1972 2358 2033 pa-

251 2038 388 2100 triae
415 2038 801 2101 calamitatem
833 2038 1185 2116 praedicenti
1217 2038 1654 2118 comparat2-ita
1692 2038 1866 2101 etiam
1905 2037 1964 2098 bi
2004 2057 2038 2098 a
2065 2038 2226 2101 bono
2257 2038 2356 2099 illo

252 2122 433 2196 Dario,
480 2123 587 2202 qui
628 2123 816 2195 virne,
858 2123 1057 2200 quales
1089 2122 1290 2184 Graeci
1321 2131 1536 2195 essent,
1576 2131 1845 2202 expertus
1890 2124 2147 2198 erat2⁹)‚
2199 2141 2360 2185 nunc

253 2206 520 2269 defuncto
556 2214 613 2266 et
640 2206 806 2267 beato
837 2207 1120 2268 daemone
1148 2208 1224 2268 ita
1247 2208 1607 2288 adjuvantur,
1635 2215 1702 2269 ut
1721 2208 1817 2269 ille
1837 2225 2014 2273 unam
2038 2207 2236 2269 Persis
2262 2227 2359 2270 sa-

249 2289 512 2355 lutem'in
545 2310 686 2371 pace
718 2309 851 2352 cum
893 2291 1125 2352 Graecis
1166 2293 1435 2372 protinus
1477 2293 1753 2355 servanda
1798 2292 2053 2373 positam
2095 2311 2227 2354 esse
2269 2294 2360 2356 di-

255 2380 471 2449 cat-⁹³⁰).
540 2376 681 2438 Vide
710 2376 879 2438 etiam
913 2385 1127 2454 quanta
1159 2377 1549 2441 concinnitate
1590 2385 1647 2443 et
1676 2396 1848 2456 quam
1881 2377 2124 2455 eleganti
2154 2377 2360 2440 ordine

253 2461 566 2542 Aeschylus
596 2462 707 2522 tria
736 2461 853 2533 illa,
895 2479 1042 2539 quae
1082 2462 1215 2535 dixi,
1254 2462 1521 2541 ingentis,
1566 2465 1725 2542 quod
1762 2462 1836 2523 ab
1881 2463 2045 2523 omni
2096 2470 2361 2542 tempore

252 2545 471 2607 Graecis
506 2544 945 2623 cum2Barbaris
975 2545 1384 2620 intercedebat,
1417 2547 1750 2611 certaminis
1791 2554 2091 2607 momenta
2130 2547 2359 2627 singula

252 2628 623 2710 disposuerit.
703 2628 880 2709 Cujus
920 2630 1240 2708 primordia
1280 2652 1314 2693 a
1352 2632 1623 2712 mythicis
1665 2630 2035 2710 temporibus
2087 2640 2357 2712 repetens

249 2715 489 2793 primam
537 2714 797 2793 trilogiae
824 2715 1074 2777 fabulam
1115 2715 1192 2778 ita
1230 2716 1524 2790 instruxit,
1564 2725 1630 2779 ut
1681 2716 1901 2795 sigum,
1943 2716 2139 2778 colore
2179 2715 2359 2788 omni,

251 2800 531 2861 vaticiniis
562 2799 809 2880 denique
837 2800 1072 2861 disertis
1102 2809 1522 2880 praeparentur
1553 2820 1636 2874 ea,
1679 2819 1824 2880 quae
1854 2800 1914 2860 in
1945 2800 2141 2862 Persis
2171 2818 2357 2878 agun-

250 2890 354 2945 tur.
415 2886 583 2958 Quae
618 2883 698 2945 ibi
739 2884 978 2944 nonnisi
1026 2884 1276 2946 obscure
1315 2894 1374 2946 et
1414 2886 1585 2947 veluti
1626 2904 1694 2946 ex
1741 2884 2063 2964 longinquo
2112 2884 2358 2948 indicata

253 2977 424 3043 erant,
464 2988 536 3031 ea
570 2985 731 3030 nunc
769 2987 969 3030 eoram
1013 2977 1070 3030 et
1108 2970 1418 3031 manifesto
1457 2977 1723 3049 aguntur.
1805 2971 2174 3049 Longaevum
2218 2971 2357 3033 illud

375 3206 460 3272 28)
498 3206 623 3257 Dico
656 3208 956 3273 praesertim
996 3208 1124 3260 tales
1157 3208 1314 3271 locos,
1356 3217 1413 3260 ut
1440 3207 1539 3261 242
1579 3203 1796 3265 οὔτινος
1836 3206 2032 3259 δοῦλοι
2072 3206 2357 3274 κέκληνται

250 3272 442 3338 φωτὸς,
469 3268 591 3326 οὐδ’
626 3270 870 3341 ὑπήκοοι
893 3303 963 3313 --
984 3291 1034 3327 v.
1057 3276 1158 3326 584
1192 3278 1279 3327 τοὶ
1304 3271 1353 3327 δ’
1361 3273 1467 3329 ἀνὰ
1491 3276 1597 3343 γᾶν
1624 3271 1816 3331 ,Ἀσίαν
1841 3273 1946 3342 δὴν
1979 3270 2081 3327 οὐκ
2115 3273 2194 3327 ἔτι
2218 3293 2357 3347 περ-

252 3342 623 3410 σονομοῦνται
646 3350 744 3393 etc.
767 3369 836 3380 —·
861 3351 914 3394 et
949 3359 1117 3394 eccum
1143 3344 1283 3395 illum
1305 3345 1470 3396 locum
1494 3345 1913 3410 speciosissimum
1940 3344 2076 3394 etad
2102 3359 2204 3407 eea,
2230 3361 2355 3412 quae

252 3408 388 3459 bodie
422 3417 543 3461 sunt
565 3411 914 3476 plerarumque
951 3412 1222 3477 civitatum,
1254 3414 1477 3463 rationes
1511 3413 1723 3463 maxime
1755 3412 2200 3466 accommodatum:
2235 3408 2353 3465 οὐδ’

250 3470 326 3524 ἔτι
341 3478 572 3544 γλῶσσα
588 3481 875 3548 βροτοῖσιν
892 3475 953 3530 ἐν
962 3480 1252 3546 φυλακαῖς·
1271 3480 1491 3533 λέλυται
1506 3476 1578 3547 γά
1632 3481 1767 3537 λαὸς
1792 3476 2057 3549 ἐλεύθερα
2081 3478 2359 3544 βάζειν.-

253 3541 436 3607 Quibus
460 3545 675 3597 maxime
697 3546 824 3597 locis
850 3553 1035 3598 motum
1059 3544 1215 3599 fuisse
1247 3549 1546 3600 crediderim
1580 3498 1719 3599 filum
1755 3549 1996 3599 Jonnnem
2018 3563 2048 3597 u
2072 3548 2357 3612 Miillerum,

252 3624 387 3675 qum
410 3615 536 3664 baec
568 3614 819 3665 scriberet
849 3615 1166 3682 „Aeschylos
1200 3615 1539 3669 Prometheus
1571 3616 1681 3668 und
1702 3617 1870 3668 sieben
1904 3615 2090 3666 Helden
2121 3616 2249 3667 habe
2279 3618 2359 3669 ich

249 3684 582 3745 ementiri,
606 3681 714 3733 aad
735 3684 818 3734 bin
841 3683 982 3747 jetzt
1009 3699 1078 3734 em
1101 3683 1197 3734 den
1221 3684 1464 3750 Persem,
1494 3686 1713 3736 meinem
1740 3683 2166 3749 Lieblingsstiiclt,
2197 3686 2362 3736 wobei

256 3762 306 3795 es
324 3750 465 3876 augg
486 3750 807 3868 &agitagit
828 3750 1309 3816 alteidgenouische
1331 3751 1553 3819 Seufzer
1577 3753 1814 3819 abgoht.“

376 3882 460 3946 30)
486 3853 555 3921 -·-
576 3911 645 3923 —-
666 3854 790 3941 ’πῶς
814 3879 885 3938 ἂν
905 3883 966 3937 ἐκ
990 3880 1204 3938 τούτων
1226 3883 1307 3937 ἔτι

476 3947 1666 4091 ἶρῗῗσῗῆἱῖ,ἒῖἱέἔιΐᾶαεῗῖὲἶιὲἓίἰξῗαῗἱ
1694 4020 1879 4079 τόπον

478 4082 607 4154 μηδ’
681 4104 712 4141 ν
746 4084 1060 4159 στράτευμα
1085 4084 1339 4162 πλεῖονῇ
1365 4087 1427 4142 τὸ
1455 4087 1738 4157 Μηδικόν.

2386 2900 2439 2939 24
