2867 4717
496 436 566 489 62
1301 435 1394 489 De
1430 434 1799 488 Hellanico

494 590 678 670 reguli
708 589 1052 668 Argivorum
1087 598 1259 670 atque
1289 590 1731 669 Sicyoniorum,
1770 589 1839 649 ad
1879 589 2264 651 imitationem
2292 589 2619 651 Athenien·

494 676 649 737 sium
679 682 851 753 atque
880 674 1304 753 Spartanorum
1339 673 1672 753 compositi.
1731 673 2123 735 Nihilominus
2166 683 2396 735 tantum
2438 676 2622 737 valuit

492 768 620 821 tum
645 760 730 820 rei
754 768 1010 820 vetustas
1033 767 1158 819 tum
1182 759 1452 819 Hellanici
1475 759 1808 828 auctoritas,
1833 767 1899 818 ut
1920 759 2089 819 etiam
2116 760 2269 838 apud
2296 760 2616 820 Eusebium

491 844 730 922 vestigia
761 844 1035 905 nonnulla
1062 845 1288 923 priscae
1309 845 1462 904 illius
1487 843 1901 922 descriptionis
1926 844 2458 922 deprehendantur,
2486 862 2618 906 rara

494 929 865 990 sacerdotum
905 931 1172 1002 nomina,
1215 928 1368 988 inter
1408 937 1628 989 ceteras
1659 936 1997 1007 temporum
2026 929 2360 990 notationes
2391 929 2616 1008 passim

492 1034 522 1075 a
611 1014 779 1074 osita.

528 1033 606 1093 pp
661 1098 947 1175 Superest
977 1104 1040 1157 ut
1069 1097 1140 1156 de
1173 1096 1439 1175 singuliS,
1464 1104 1754 1176 quotquot
1782 1116 1853 1158 ex
1881 1096 2164 1158 Hellanici
2196 1097 2612 1159 Sacerdotibus

492 1189 829 1260 supersunt,
859 1182 1004 1241 locis
1037 1181 1113 1242 ita
1145 1182 1492 1277 disputetur,
1526 1189 1591 1242 ut
1620 1183 1943 1242 secundum
1976 1183 2243 1242 ordinem
2271 1189 2610 1284 temporum

490 1266 898 1344 disponantur.
957 1266 1133 1326 Liber
1168 1269 1398 1345 primus
1440 1267 1650 1326 citatur
1686 1276 1917 1345 quater.
1967 1269 2024 1340 1)
2066 1286 2157 1346 ap.
2191 1267 2277 1327 St.
2309 1268 2374 1328 B.
2404 1286 2457 1327 V.
2487 1259 2611 1328 Σί-

488 1346 723 1424 πυλος,
766 1368 913 1427 quae
950 1352 1175 1411 notatio
1214 1358 1441 1429 spectat
1476 1351 1783 1411 historiam
1826 1351 2052 1412 Tantali
2091 1351 2180 1411 Vel
2207 1352 2429 1412 Niobae
2465 1353 2523 1412 h.
2556 1371 2607 1411 e.

489 1444 756 1513 tempora
785 1436 981 1496 Proeti
1010 1435 1237 1514 Argivi,
1278 1435 1585 1496 Erechthei
1616 1435 1808 1496 Attici.
1869 1436 1933 1510 2)
1980 1454 2072 1513 ap.
2110 1434 2415 1497 Constant.
2457 1436 2610 1496 Por-

488 1521 735 1600 phyrog.
760 1519 964 1579 Them.
988 1518 1060 1592 n,
1093 1520 1131 1579 2
1155 1522 1227 1580 de
1249 1521 1582 1581 Macedonia
1607 1540 1637 1580 a
1663 1521 1973 1580 Macedone
1997 1521 2304 1622 appellata,
2329 1512 2419 1595 ὥς
2440 1521 2609 1581 Μα-

488 1599 751 1677 κεδόνος
778 1595 1065 1676 Αἰόλου,
1116 1592 1192 1665 οὗ
1236 1601 1346 1664 νῦν
1373 1599 1769 1677 Μακεδόνες
1796 1601 2170 1680 καλοῦνται,
2215 1599 2411 1683 μόνοι
2438 1600 2609 1683 μετὰ

490 1686 751 1749 Μυσῶν
799 1683 952 1748 τότε
1007 1681 1366 1762 οἰκοῦντες,
1422 1708 1473 1748 V.
1524 1690 1714 1749 Muell.
1756 1690 1894 1749 Dor.
1937 1691 1990 1761 Ι,
2030 1691 2098 1763 4;
2145 1691 2361 1750 Maced.
2404 1708 2462 1767 p.
2506 1689 2607 1751 38.

486 1773 853 1834 Deucalionis
884 1773 984 1832 lilii
1013 1774 1376 1853 respondent
1404 1790 1586 1851 regno
1615 1773 2059 1852 Amphictyonis
2080 1775 2273 1845 Attici,
2306 1792 2608 1854 pronepos

488 1857 682 1918 cadit
667 1876 728 1917 in
756 1865 1023 1936 tempora
1050 1858 1369 1918 Pandionis
1398 1859 1426 1918 Ι
1456 1859 1543 1917 Vel
1566 1859 1896 1929 Erechthei,
1926 1859 2079 1918 inter
2097 1858 2342 1936 Argivos
2365 1859 2610 1938 Lyncei3

490 1949 553 2002 ut
579 1960 674 2002 res
705 1943 778 2002 ad
810 1943 1200 2002 sacerdotium
1227 1943 1718 2044 Hypermnestrae
1740 1945 2034 2021 pertinere
2063 1943 2341 2004 videatur.
2403 1943 2466 2018 3)
2510 1961 2605 2044 ap.

489 2027 574 2087 St.
606 2028 671 2086 B.
704 2045 756 2086 V.
793 2020 1019 2129 Φαίαξ
1060 2019 1097 2087 ὃ
1136 2024 1563 2100 Ποσειδῶνος
1605 2021 1721 2087 καὶ
1764 2022 2138 2130 Κερκύρας
2146 2030 2265 2110 τῆς
2307 2019 2605 2088 ,Ἀσωπί-

488 2108 631 2185 δος,
690 2102 811 2194 αφ’
860 2097 940 2192 ἧς
983 2101 1022 2192 ἦ
1068 2108 1260 2192 νῆσος
1303 2107 1610 2191 Κέρκυρα
1654 2106 1940 2195 ἐκλήθη,
1997 2113 2164 2172 cuius
2207 2113 2292 2173 rei
2332 2120 2606 2191 tempora

485 2195 727 2255 definire
768 2195 1041 2295 proclive
1062 2203 1170 2256 est.
1231 2196 1295 2267 4)
1341 2213 1433 2273 ap.
1469 2196 1554 2256 St.
1587 2197 1650 2256 B.
1683 2216 1738 2256 V.
1770 2188 2058 2272 Νισαία,
2116 2190 2411 2258 ἐπίνειον
2453 2197 2607 2258 Με-

478 2272 832 2383 ιγαρίδος
800 2273 916 2338 καὶ
961 2270 1121 2372 αὐτὴ
1168 2271 1209 2361 ἦ
1246 2273 1580 2380 Μεγαρίς,
1629 2271 1772 2341 απὸ
1813 2273 2028 2342 Νίσου
2071 2278 2190 2342 τοῦ
2218 2274 2606 2355 Πανδί.ονος

403 2376 457 2416 48
503 2359 653 2423 Ελλ.
700 2355 832 2425 έν“
815 2383 1068 2443 ιερειων
1111 2382 1385 2465 πρωτῳ·
1431 2362 1548 2424 καὶ
1593 2358 1660 2426 ἐν
1701 2362 1797 2467 τῷ
1842 2359 2277 2467 δευτέρῳὸῗ)
2318 2362 2433 2426 καὶ
2477 2368 2605 2426 Νι-

484 2441 682 2510 σαίαν
737 2433 870 2508 εἷλε
921 2445 1039 2508 καὶ
1093 2441 1306 2510 Νίσον
1357 2443 1473 2508 τὸν
1521 2441 1891 2523 Πανδίονος
1942 2447 2060 2510 καὶ
2114 2445 2437 2532 Μεγαρέα
2490 2445 2606 2511 τὸν

476 2524 887 2616 Ὀγχήστιον,
936 2532 1082 2592 ubi
1066 2551 1124 2591 ιιι
1157 2534 1432 2592 extremis
1466 2534 1859 2611 supplendum
1901 2551 2122 2594 nomen
2153 2536 2395 2607 MinoiS,
2438 2534 2605 2594 cuius

479 2618 768 2695 expeditio
792 2617 1072 2677 adversus
1089 2618 1457 2712 Megarenses
1483 2618 1635 2677 circa
1658 2637 1722 2677 ea
1746 2627 2010 2696 tempora
2036 2619 2179 2697 poni
2203 2620 2369 2692 solet,
2391 2618 2605 2698 quibus

480 2702 787 2763 Phalidum
848 2702 1146 2762 successio
1191 2702 1586 2761 sacerdotium
1628 2702 1871 2762 Iunonis
1911 2703 2205 2781 auspicata
2246 2711 2367 2776 est,
2420 2709 2487 2763 ut
2530 2704 2603 2764 ab

479 2787 589 2847 illis
621 2787 831 2847 librum
865 2787 1108 2847 alterum
1143 2786 1435 2865 incepisse
1467 2787 1809 2865 suspiceris3
1850 2788 1954 2847 sed
1994 2794 2287 2866 repugnat
2325 2789 2490 2848 locus
2530 2789 2604 2848 de

482 2871 719 2942 Siculis,
762 2872 834 2931 de
874 2871 1083 2971 quibus
1115 2871 1333 2931 dictum
1367 2879 1493 2931 erat
1512 2872 1662 2932 libro
1694 2872 1991 2942 secundo,
2034 2880 2271 2933 auctore
2303 2872 2517 2975 Steph.
2535 2872 2600 2933 B.

481 2974 532 3015 V.
588 2948 865 3015 Σικελία
1013 2952 1212 3054 νῆσος
1262 2947 1546 3015 Σικανία
1566 2951 1926 3054 πρότερον
1982 2946 2386 3057 ωνομαζετο,
2458 2943 2604 3017 εἶτα

478 3032 753 3099 Σικελία
797 3032 1069 3121 έκληθη,
1115 3032 1207 3111 ὥς
1250 3058 1318 3120 φ.
1345 3030 1515 3099 Ἑλλ.
1564 3030 1818 3121 ἱερειῶν
1857 3037 1977 3122 τῆς
2019 3034 2234 3122 ’Ἠρας
2275 3036 2601 3119 ,820011-

480 3131 595 3184 stat
625 3142 762 3184 vero
797 3124 944 3183 banc
972 3142 1096 3182 rem
1136 3130 1426 3182 narratam
1471 3124 1655 3184 fuisse
1694 3125 1755 3184 in
1795 3125 2121 3185 sacerdotio
2153 3126 2469 3203 Alcyonae,
2511 3125 2602 3185 cui

480 3210 766 3270 successit
795 3209 1066 3280 Admeta,
1109 3227 1158 3268 V.
1194 3208 1429 3286 DionyS.
1466 3208 1533 3267 ΙΙ.
1563 3209 1633 3269 A.
1664 3210 1731 3270 R.
1764 3209 1818 3280 Ι,
1863 3209 1972 3278 22,
2016 3210 2182 3271 cuius
2225 3210 2337 3270 loci
2372 3217 2600 3312 partem

478 3294 738 3394 priorem
773 3293 997 3353 laudavi
1027 3311 1085 3371 p.
1116 3294 1216 3353 41.
1289 3293 1629 3392 Sequuntur
1664 3293 1835 3354 haec.
1876 3287 1999 3355 δύο
2021 3313 2201 3397 γαρ
2214 3295 2401 3355 ποιεῖ
2443 3288 2602 3356 στό-

480 3374 631 3450 λους
653 3369 1007 3450 Ιταλικούς
1051 3372 1419 3478 διαβάντας
1465 3370 1560 3450 εἷς
1587 3370 1913 3452 Σικελίαν,
1959 3374 2075 3439 τὸν
2117 3373 2236 3457 μὲν
2278 3373 2601 3481 πρότερον

474 3454 622 3523 Ελι
609 3482 782 3540 μων
843 3454 955 3535 ου’ς
987 3480 1213 3563 φησιν
1254 3453 1391 3522 ὑπὸ
1440 3456 1787 3541 Οἱνωτρων
1843 3458 2301 3567 ἐξαναστῆναι,
2355 3484 2473 3525 τον
2525 3458 2600 3524 δὲ

478 3566 644 3625 μετα
694 3543 926 3607 τοῦτον
980 3538 1114 3607 ἔτει
1175 3543 1462 3646 πέμπτῳ
1487 3543 1854 3650 γενόμενον
1897 3542 2253 3610 Αὖσονίων
2290 3540 2601 3650 Ἰάπυγας

479 3626 835 3736 φυγόντων.
916 3625 1197 3710 βασιλέα
1257 3626 1331 3692 δὲ
1384 3626 1631 3692 τούτων
1693 3625 2166 3734 anomat'veta
2115 3627 2408 3707 Σικελόν,
2474 3623 2600 3715 αφ’

481 3705 559 3777 ου
601 3709 887 3796 τοῦνομα
928 3717 1071 3791 τοῖς
1112 3737 1185 3778 τε
1229 3707 1627 3797 ἅνθρωποις
1669 3713 1785 3777 καὶ
1828 3715 1912 3799 τῇ
1956 3711 2134 3799 νήσῳ
2178 3714 2482 3799 τεθῆναι.

618 3924 700 3982 82)
738 3924 932 3985 Vulgo,
967 3925 1115 3974 etiam
1147 3941 1226 3989 ap.
1255 3923 1557 3987 Westerm„
1594 3926 1761 3975 editur
1784 3922 1872 3975 ἐπ.
1902 3922 2252 4003 Μεγαρίδος.
2279 3923 2371 3974 καὶ
2404 3917 2538 3987 αὕτη
2564 3919 2598 3987 ἦ

483 3996 571 4042 M.
597 4020 662 4029 —-
683 3988 818 4041 Ἑλλ.
847 3991 906 4043 ἐν
932 3992 1031 4072 «5559.
1058 3990 1262 4058 πρώτῳ
1290 3993 1380 4041 καὶ
1408 3992 1466 4043 ἐν
1490 4009 1534 4043 τ.
1564 3991 1613 4044 δ.
1659 3993 1709 4042 In
1738 3994 1906 4058 priore
1935 3993 2061 4041 libro
2084 3992 2356 4055 Megaridis
2381 3992 2597 4042 Nisaeae

482 4060 577 4109 iam
602 4061 922 4121 meminerat,
951 4062 999 4110 in
1028 4063 1244 4110 secundo
1270 4061 1570 4111 narrabatur
1593 4063 1655 4111 de
1679 4061 1803 4112 Niso
1829 4068 1884 4110 et
1908 4061 2091 4111 Minoe.
