2867 4717
38 956 45 1119 r

919 419 1281 474 Eleusinia
1326 417 1719 487 disputatio
1755 419 1797 472 Ι.
2311 420 2415 474 123

279 588 427 643 cata
458 587 598 651 erat,
623 578 945 658 regionem,
967 596 1019 638 v.
1035 576 1208 638 Phot.
1232 575 1481 656 Hesych.
1498 576 1687 656 Etym.
1706 575 1784 637 Μ.
1812 594 1861 635 v.
1886 565 2002 657 ἷερ.
2028 591 2185 648 ουκ..
2209 576 2417 640 Athen.

281 667 396 738 ΙΙΙ,
428 667 605 747 Ρ.,74
633 665 702 737 D,
732 662 998 725 Eustath.
1028 681 1087 741 p.
1125 661 1308 734 1964,
1343 662 1440 733 11,
1468 661 1762 722 Plutarch.
1796 660 2069 806 Sgnpos
2102 661 2172 733 Q.
2203 661 2325 735 v11,
2356 665 2416 735 4,

284 755 373 812 4:
411 752 571 812 unde
598 749 994 811 Philostratus
1039 746 1137 807 vit.
1168 745 1355 825 Apoll.
1386 745 1572 824 Soph.
1602 745 1683 817 ll,
1723 745 1805 806 20
1909 741 2046 829 άφη
2094 739 2170 806 δὲ
2212 738 2282 807 ἐν
2321 742 2420 830 τῷ

281 826 683 918 προαστείῳ
726 830 845 917 τῆς
880 825 1196 895 Ἐλευσῖνι
1239 823 1609 916 λεωφόρου·
1655 820 1864 909 ’όνομα
1903 831 2005 912 τῷ
2033 821 2416 913 προαστείῳ

277 912 464 1003 Ἱερὰ
503 916 702 1002 Συκῆ,
750 937 921 998 quem
961 917 1158 978 locum
1201 916 1448 977 Krusius
1481 916 1517 976 l.
1549 934 1599 976 c.
1644 933 1703 994 p.
1740 915 1858 978 185
1888 933 2198 996 perperam
2227 915 2422 977 retulit

289 1005 373 1067 ad
402 1006 739 1066 Eleusinem
781 1003 1014 1076 urbem,
1058 1001 1223 1082 quasi
1253 1002 1429 1062 Sacra
1460 1000 1632 1062 Ficus
1660 1000 1837 1061 fuerit
1864 999 2217 1062 suburbium
2245 999 2418 1063 Eleu·

289 1090 470 1151 sinis,
515 1089 738 1150 Fefellit
766 1089 1046 1166 collegam
1079 1087 1491 1148 doctissimum
1514 1085 1763 1146 formula
1777 1081 1895 1168 τῆς
1913 1076 2231 1147 Ἐλευσῖνι
2257 1082 2419 1147 λεω-

288 1168 535 1257 φόρου,
576 1174 677 1235 uhi
709 1173 933 1234 dativus
967 1163 1283 1234 Ἐλευσῖνι
1325 1170 1635 1232 adhibetur
1665 1171 1874 1231 eodem
1906 1170 2267 1249 significatu,
2298 1189 2416 1251 quo

283 1259 551 1320 formula
579 1252 647 1321 ἐν
680 1251 1000 1319 Ἐλευσῖνι
1029 1276 1123 1358 ap.
1152 1256 1399 1337 Hesych.
1431 1275 1483 1315 v.
1529 1246 1937 1338 γεφυρισταί,
1981 1247 2046 1317 οἱ
2088 1251 2414 1331 σκῶπται,

285 1335 452 1405 ἐπεὶ
493 1337 561 1404 ἒν
596 1335 917 1404 Ἐλευσῖνι
962 1336 1082 1403 ἐπι
1123 1338 1242 1425 τῆς
1285 1334 1570 1424 γεφύρας
1610 1340 1754 1412 τοῖς
1792 1332 2180 1423 μυστηρίοις
2207 1341 2415 1403 καθε-

291 1423 564 1507 ζόμενοι
609 1419 949 1489 ἔσκωπτον
989 1422 1143 1500 τούς
1187 1420 1582 1508 παριόντας,
1635 1424 1736 1485 ubi
1776 1444 1975 1486 sermo
2017 1430 2108 1485 est
2136 1424 2207 1485 de
2236 1433 2419 1504 ponte

288 1512 568 1592 Cephissi
597 1511 1000 1588 Atheniensis3
1040 1513 1358 1590 eademque
1399 1510 1452 1571 vi
1492 1516 1854 1587 usurpantur
1890 1511 2175 1571 formulae
2207 1501 2417 1591 ’Λθή-

287 1613 450 1682 νῃσι
493 1597 579 1657 vel
622 1590 691 1658 ἐν
730 1589 1071 1679 Ἀθήναις.
1136 1597 1242 1673 [Cf.
1278 1596 1492 1674 Ungeri
1524 1595 2049 1656 commentationes
2080 1596 2152 1656 de
2183 1595 2416 1657 Theba·

288 1700 430 1743 rum
462 1681 803 1761 primordiis
832 1700 891 1760 p.
928 1682 1088 1758 1021.
1153 1683 1421 1742 Ceterum
1453 1680 1718 1741 similiter
1746 1680 2185 1760 appellabantur
2208 1670 2419 1741 αἲΣυ-

292 1758 418 1828 καί
467 1766 618 1846 apud
667 1765 1044 1844 Byzantium,
1084 1785 1135 1825 v.
1178 1766 1427 1845 Hesych.
1469 1765 1653 1826 Miles.
1704 1764 1900 1844 Origg.
1942 1765 2107 1845 Cpol.
2161 1769 2197 1840 ξ
2234 1764 2311 1825 16
2350 1758 2419 1826 ἐν

289 1849 445 1924 ταῖς
488 1845 869 1930 λεγομέναις
909 1849 1169 1925 Συκαῖς,
1225 1841 1306 1910 αἳ
1341 1847 1458 1932 τήν
1507 1842 1889 1928 ἐπωνυμίαν
1932 1843 2005 1910 ἐκ
2047 1846 2178 1910 τῶν
2220 1867 2417 1911 συκο-

290 1929 524 2019 φόρων
555 1929 839 2018 δένδρων
881 1928 1204 2010 ἐδέξαντο,
1239 1936 1310 1995 cf.
1342 1933 1631 1994 Meursius
1663 1935 1733 1995 ad
1764 1934 1822 1994 h.
1851 1934 1908 2006 1.,
1940 1934 2105 1994 cuius
2134 1933 2280 1994 locis
2312 1933 2415 1995 ad-

294 2021 532 2081 dendus
575 2028 664 2080 est
705 2020 942 2100 Dionys.
984 2020 1115 2098 Byz.
1159 2037 1216 2098 p.
1248 2019 1286 2081 8
1331 2019 1419 2079 ed.
1457 2018 1750 2080 Hudson.:
1802 2017 1940 2079 Post
1973 2017 2418 2098 Hipposthenem

297 2105 464 2166 locus
494 2114 574 2166 est
602 2104 924 2188 appellatus
938 2103 1206 2184 SycodeS,
1233 2122 1270 2165 a
1290 2102 1654 2164 multitudiue
1677 2113 1730 2164 et
1741 2103 2177 2182 pulchritudine
2198 2103 2420 2182 ficuum

295 2190 602 2250 arborum.
663 2188 918 2260 Quidam
971 2191 1318 2250 curiosiores
1369 2189 1569 2250 dicunt
1604 2193 1867 2268 primam
1915 2189 2092 2268 ficum
2145 2189 2419 2250 arborem

291 2275 509 2336 ibidem
536 2284 737 2335 natam
760 2292 902 2334 esse:
932 2274 1086 2334 unde
1108 2273 1446 2351 intelligitur
1468 2273 1780 2352 Byzantios
1806 2292 1940 2335 cum
1964 2273 2417 2336 Atheniensibus

295 2359 372 2419 de
412 2357 593 2436 gloria
634 2359 858 2438 primae
897 2359 1042 2419 ficus
1089 2365 1477 2441 concertasse.
1517 2392 1603 2401 ——
1630 2358 1865 2433 PontiS,
1908 2376 2024 2436 quo
2067 2357 2418 2436 Cephissum

296 2461 722 2522 supergressus
763 2449 881 2516 est,
923 2443 1283 2502 mentionem
1323 2460 1447 2502 non
1477 2441 1614 2502 facit
1643 2442 1983 2503 Pausanias
2042 2442 2417 2504 Recentiores

297 2528 372 2588 ad
405 2547 538 2588 eum
571 2528 789 2588 referre
817 2526 1014 2587 solent
1041 2527 1397 2606 epigramma
1426 2528 1627 2598 hocce,
1659 2527 1817 2606 quod
1846 2527 1907 2587 in
1938 2527 2273 2605 anthologia
2303 2529 2414 2590 Pa-

297 2611 474 2673 latina
503 2613 830 2692 Antagorae
852 2611 1068 2672 Rhodii
1099 2631 1230 2672 esse
1261 2611 1493 2684 dicitur,
1524 2610 1584 2670 in
1615 2611 1907 2672 Planudea
1940 2611 2287 2672 Simonidis:

467 2684 523 2756 ὦ
564 2689 670 2758 ἰ’τε
714 2690 1070 2780 Δήμητρος
1113 2691 1283 2778 πρὸς
1327 2687 1705 2779 ἀνάκτορον,
1755 2684 1809 2756 ὦ
1851 2687 1955 2756 ἰ’τε
1996 2690 2257 2774 μύσται,

464 2772 629 2864 μηδ’
673 2772 916 2853 ὕδατος
960 2777 1254 2862 προχοὰς
1298 2771 1554 2841 δείδετε
1594 2771 1981 2861 χειμερίους.

464 2865 646 2927 τοῖον
690 2860 813 2949 γὰρ
857 2859 1182 2970 Ξενοκλῆς
1227 2855 1262 2924 ὁ
1307 2857 1603 2936 Λίνδιος
1647 2854 1943 2950 ἀσφαλὲς
1985 2854 2190 2943 ὔμμιν

469 2945 710 3031 ζεῦγμα
756 2945 872 3011 διά
919 2945 1210 3022 πλατεος
1250 2940 1435 3010 τοῦδ’
1482 2940 1714 3027 ἔβαλεν
1757 2946 2081 3027 ποταμοῦ,

299 3053 471 3113 quem
516 3035 754 3096 fluvium
801 3035 959 3096 hunc
1000 3034 1197 3114 ipsum
1239 3033 1590 3113 Cephissum
1638 3053 1769 3094 esse
1807 3035 1915 3094 etsi
1954 3034 2107 3095 haud
2148 3031 2412 3093 absimile

297 3118 416 3178 veri
454 3128 566 3193 est,
606 3127 803 3180 tamen
844 3126 1042 3197 potest
1080 3119 1251 3180 etiam
1296 3119 1366 3179 de
1406 3118 1690 3197 Cephisso
1727 3118 2024 3178 Eleusinio
2068 3117 2155 3177 vel
2196 3117 2268 3177 de
2296 3117 2405 3177 alio
2445 3141 2496 3182 12

300 3204 443 3264 alius
472 3212 659 3265 terrae
687 3204 863 3264 fluvio
897 3204 1136 3282 cogitari
1155 3204 1234 3280 4).
1295 3201 1701 3280 Antiquissimi
1732 3202 1929 3280 pontis
1959 3201 2246 3263 memoria
2277 3221 2407 3263 cum

300 3287 771 3369 Gephyraeorum
804 3288 1282 3349 coniunctissima
1314 3294 1455 3359 erat,
1487 3287 1585 3364 qui
1616 3286 1687 3347 ad
1719 3286 2073 3366 Cephissum
2102 3286 2213 3347 hac
2233 3286 2293 3347 in
2316 3305 2411 3347 re-

296 3373 469 3450 gione
509 3374 924 3445 consederant,
967 3381 1281 3452 postquam
1324 3371 1521 3432 relicta
1551 3371 1815 3449 Tanagra
1844 3372 1903 3432 in
1936 3372 2184 3433 Atticam
2213 3379 2409 3432 trans-

302 3458 706 3536 migraverant.
789 3457 902 3531 Qui
955 3477 1089 3518 cum
1143 3463 1388 3536 propter
1434 3463 1702 3516 naturam
1751 3456 2130 3534 pristinarum
2180 3457 2409 3517 sedium

430 3658 480 3721 4)
521 3660 605 3710 Sic
637 3659 760 3710 fecit
791 3659 1048 3709 Iacobsius
1084 3660 1133 3708 in
1157 3660 1401 3710 animadv,
1427 3661 1490 3709 ad
1515 3660 1716 3709 Anthol.
1745 3658 1790 3719 Ι,
1821 3659 1864 3721 1,
1889 3675 1936 3724 p.
1958 3659 2078 3723 240,
2104 3658 2187 3724 qui
2213 3673 2405 3707 sermo-

304 3741 407 3776 nem
433 3742 546 3776 esse
573 3735 716 3793 putat
735 3728 795 3777 de
820 3728 1078 3794 mysteriis
1103 3729 1151 3776 in
1178 3728 1349 3777 Rhodo
1375 3728 1539 3777 insula
1563 3727 1849 3777 celebratis.
1907 3727 2094 3776 Eorum
2120 3726 2201 3792 qui
2225 3727 2287 3774 de
2310 3725 2406 3775 Ce-

303 3795 466 3858 phisso
500 3795 794 3845 Atheniensi
828 3796 1052 3857 cogitant
1091 3801 1172 3844 est
1205 3796 1354 3845 etiam
1379 3795 1472 3844 od.
1500 3795 1777 3845 Muellerus
1802 3795 1851 3843 in
1878 3800 2140 3843 comment.
2167 3794 2229 3842 de
2253 3792 2409 3842 Eleu-

303 3862 468 3925 siniiS,
505 3863 719 3926 Allgem.
744 3863 1016 3929 Encyclop.
1042 3878 1091 3911 v.
1117 3862 1276 3912 Ersch
1303 3870 1357 3912 et
1381 3862 1581 3913 Gruber
1604 3862 1650 3926 Ι,
1678 3861 1759 3926 33,
1786 3878 1834 3927 p.
1860 3861 1955 3910 281
1987 3868 2090 3910 not.
2119 3861 2199 3910 70.
2247 3862 2408 3911 Anta-

298 3944 467 3991 goram
495 3929 736 3981 Rhodium
769 3931 914 3981 Arati
946 3927 1240 3979 familiarem
1275 3929 1431 3980 fuisse
1465 3937 1664 3980 constat
1696 3946 1753 3979 ex
1788 3929 2017 3993 Apostol.
2043 3927 2319 3981 Proverbb.
2342 3928 2407 3994 V,

294 3995 378 4045 ⁹82.
416 3996 694 4049 Xenoclem
713 3999 939 4048 Lindium
965 4012 1088 4046 cave
1113 3995 1383 4048 confundas
1409 4014 1518 4048 cum
1542 3998 1771 4049 Xenocle
1797 3996 2139 4059 Cholargeusi,
2166 3996 2249 4062 qni
2273 3997 2409 4048 inter

297 4079 412 4127 eos,
437 4067 518 4128 qui
541 4067 852 4117 Eleusiniam
876 4064 1281 4130 aedificaverint,
1318 4066 1650 4116 nominatur-a
1675 4065 1943 4116 Plutarcho
1970 4080 2017 4114 v.
2044 4063 2227 4115 Pericl.
2254 4081 2297 4116 c.
2326 4064 2408 4116 13.
