2867 4717
501 406 569 456 44
1331 407 1416 458 De
1453 406 1777 458 Hellanico

505 566 873 655 Μουνυχία,
919 576 991 636 de
1032 575 1338 657 Munychia
1377 595 1410 638 a
1448 576 1736 656 Munycho
1776 574 2099 656 Minyarum
2138 593 2274 655 rege
2311 577 2616 657 appellata.

502 661 664 723 Adde
690 661 896 741 fragm.
927 679 1016 740 ap.
1052 660 1186 723 Sch.
1216 660 1395 723 Arist.
1425 666 1526 723 Av.
1560 680 1609 722 v.
1642 660 1764 722 872
1806 661 1879 722 de
1911 660 2160 723 Celaeno
2198 679 2362 740 rege,
2408 681 2616 724 sacro-

500 766 634 809 rum
695 746 910 808 Dianae
964 746 1286 808 Colaenidis
1340 747 1674 818 conditore,
1732 766 1877 825 quae
1927 754 2194 827 spectant
2241 747 2615 827 antiquitates

499 831 1046 913 Myrrhinusiorum‚
1079 838 1136 892 et
1157 850 1305 910 quae
1333 831 1606 911 leguntur
1643 850 1736 911 ap.
1767 833 2049 912 Harpocr.
2088 852 2140 893 ν.
2179 824 2618 919 Στεφανηφό-

502 920 658 1002 ρος4
677 918 753 993 5),
801 917 873 978 de
904 915 1114 977 sacello
1146 916 1476 978 Coroniferi
1505 916 1693 978 Attici.

425 1016 477 1056 26
674 1001 933 1080 Reliquis
964 1000 1125 1062 libris
1158 1001 1346 1064 danda
1376 1020 1526 1083 quae
1554 1007 1819 1083 spectant
1846 1001 2104 1076 Nelidas,
2144 1002 2478 1064 Nelidarum
2510 1021 2613 1065 co-

501 1086 710 1159 loniaS‚
739 1085 991 1160 Persica,
1020 1091 1288 1166 tempora
1312 1086 1660 1167 posteriora.
1706 1087 1803 1148 Sic
1826 1106 1970 1166 quae
1993 1106 2084 1167 ap.
2111 1088 2244 1149 Sch.
2271 1095 2330 1149 et
2348 1088 2613 1151 Eustath.

503 1172 592 1235 ad.
626 1171 735 1233 Od.
768 1188 825 1252 γ,
868 1173 906 1232 4
936 1169 1245 1234 laudantur
1284 1173 1356 1233 de
1397 1171 1597 1245 Neleo,
1642 1171 1763 1252 Pyli
1801 1173 2145 1234 Messeniaci
2185 1173 2515 1246 conditore,
2559 1181 2618 1234 et

502 1276 650 1338 quae
681 1275 774 1336 ap.
807 1256 944 1317 Sch.
975 1257 1117 1321 Plat.
1150 1256 1383 1319 Conviv.
1415 1277 1473 1338 p.
1508 1257 1650 1332 439,
1686 1259 1761 1318 14
1793 1257 1865 1318 de
1895 1258 2071 1320 Codri
2101 1276 2310 1338 genere
2332 1265 2391 1320 et
2415 1255 2614 1320 factis:

504 1361 650 1423 quae
687 1341 943 1403 narratio
982 1340 1098 1404 exit
1134 1341 1196 1403 in
1235 1343 1533 1404 mentione
1572 1342 1933 1405 coloniarum
1973 1343 2323 1420 Ionicarum,
2367 1363 2399 1405 a
2440 1343 2615 1406 Codri

500 1428 620 1488 filio
647 1427 969 1491 ductarum.
1010 1427 1141 1500 Quo
1167 1428 1479 1490 subnectas
1502 1447 1649 1533 quae
1673 1435 1904 1491 exstant
1925 1447 2018 1509 ap.
2045 1429 2329 1509 Harpocr.
2354 1446 2405 1490 r.
2430 1419 2614 1512 Ἐρυ-

500 1513 769 1595 θραῖοι·
807 1504 1124 1613 Ἐρυθρά,
1169 1506 1294 1592 μία
1335 1510 1466 1575 τῶν
1507 1509 1643 1576 υπὸ
1688 1507 1961 1597 Νηλέως
2001 1509 2117 1576 τοῦ
2164 1507 2435 1594 Κόδρου
2473 1533 2614 1576 κτι-

505 1599 819 1674 σθεισιόν,
853 1592 943 1671 ὡς
971 1616 1042 1679 φ.
1070 1589 1237 1659 Ἑλλ.
1268 1591 1336 1660 ἐν
1362 1590 1693 1673 Ἀτθίσιν,
1724 1606 1782 1660 et
1809 1619 1901 1679 ap.
1926 1600 2174 1680 Hesych.
2206 1619 2261 1661 v.
2285 1592 2611 1679 Κάὸμιοι,

505 1675 569 1746 οἱ
598 1681 926 1767 Πριηνεῖς,
959 1675 1050 1757 ὥς
1088 1674 1486 1759 Ἑλλάνικος,
1521 1684 1678 1764 quod
1708 1683 1779 1745 de
1809 1691 1974 1764 parte
1994 1684 2184 1764 aliqua
2206 1684 2612 1747 Prienensium

502 1767 903 1849 accipiendum
934 1768 1177 1842 videtur,
1218 1776 1387 1848 gente
1414 1770 1502 1831 vel
1531 1769 1811 1849 phratria,
1852 1789 1885 1831 a
1916 1770 2181 1832 Cadmeis
2222 1769 2468 1832 oriunda
2489 1771 2610 1846 46).

503 1855 690 1928 Quam
726 1852 968 1934 stirpem
1000 1872 1076 1915 ne
1104 1861 1274 1933 putes
1313 1874 1382 1916 ex
1409 1852 1804 1916 Phoenicibus
1845 1855 1908 1916 in
1945 1854 2199 1917 civitates
2228 1855 2456 1917 Ionicas
2498 1853 2611 1916 im—

502 1940 809 2018 migrasse,
846 1939 984 2001 facit
1010 1939 1229 2001 Herod.
1259 1940 1315 2013 I,
1355 1940 1492 2014 146,
1521 1940 1742 2020 Minyas
1784 1940 2213 2003 Orchomenios
2256 1940 2412 2019 (illos
2452 1948 2613 2020 puta,

502 2044 654 2104 quos
706 2025 1032 2087 Hellanicus
1085 2031 1421 2087 narraverat
1461 2026 1829 2106 Munychiam
1879 2026 2137 2106 primum
2187 2024 2504 2103 habitasse)
2557 2032 2616 2087 et

502 2111 791 2172 Cadmeos
813 2118 871 2171 et
890 2110 1152 2190 Dryopes
1174 2109 1420 2171 coloniis
1444 2110 1779 2173 Nelidarum
1803 2109 2139 2173 interfuisse
2160 2128 2431 2185 narranS,
2463 2128 2612 2191 quos

503 2194 787 2256 Cadmeos
826 2215 894 2257 ex
937 2195 1289 2275 Gephyraeis
1326 2195 1512 2256 fuisse
1552 2195 1856 2274 suspicor,
1902 2196 2001 2274 qui
2042 2195 2238 2257 relicta
2275 2195 2516 2257 Boeotia
2550 2195 2612 2257 in

501 2280 749 2342 Atticam
782 2280 920 2341 olim
952 2299 1015 2341 se
1043 2279 1502 2342 transtulerant4
1521 2282 1597 2359 ⁷).
1657 2281 1823 2354 Quos
1855 2279 2008 2343 sicut
2037 2280 2338 2361 probabile
2371 2288 2464 2342 est
2491 2297 2614 2342 non

501 2365 655 2446 apud
686 2365 850 2427 solos
881 2366 1229 2428 Prienenses
1262 2365 1584 2439 habitasse,
1626 2365 1728 2426 sed
1758 2365 1822 2426 in
1852 2366 2063 2428 ceteris
2095 2384 2330 2447 quoque
2368 2365 2613 2428 civitati-

500 2451 611 2513 bus
642 2451 886 2524 Ionicis,
928 2450 1006 2512 ita
1045 2452 1329 2513 Cadmum
1359 2450 1707 2513 historicum
1747 2459 1805 2513 et
1835 2451 2132 2513 Thaletem
2169 2450 2614 2531 philosophum,

502 2536 601 2616 qui
632 2536 702 2597 ad
734 2535 1017 2598 Cadmum
1048 2536 1394 2598 Thebanum
1426 2554 1612 2616 genus
1635 2554 1808 2599 suum
1831 2537 2133 2613 referebat,
2162 2543 2478 2616 utrumque
2504 2536 2614 2598 Mi-

499 2622 730 2696 lesium,
771 2620 892 2683 noli
929 2628 1133 2701 putare
1184 2621 1413 2683 aliunde
1452 2621 1735 2684 oriundos
1781 2622 1985 2684 fuisse.
2024 2656 2109 2668 —
2149 2621 2433 2703 Deinceps
2469 2621 2615 2683 bella

501 2706 735 2768 Persica
776 2707 1221 2787 exponebantur
1252 2712 1311 2769 et
1339 2706 1431 2768 illa
1465 2713 1582 2768 tem
1631 2725 1757 2780 ora,
1806 2724 1952 2787 quae
1981 2706 2224 2789 respicit
2263 2707 2522 2787 Thucyd.
2569 2707 2611 2780 1,

502 2792 583 2855 97
616 2784 880 2877 ἔγραψα
925 2787 999 2854 δὲ
1037 2783 1201 2854 αὐτὰ
1242 2828 1328 2840 -
1375 2787 1493 2854 διὰ
1536 2812 1574 2853 τ
1618 2789 1712 2869 δε,
1759 2783 1866 2855 ὅτι
1903 2791 2046 2867 τοῖς
2072 2787 2208 2873 πρὸ
2236 2786 2403 2872 ἐμοῦ
2430 2783 2614 2854 ἅπα-

503 2895 610 2940 σιν
654 2872 927 2952 ἐκλιπὲς
966 2874 1162 2940 τοῦτο
1205 2867 1284 2961 ἦν
1323 2872 1401 2940 τὸ
1443 2869 1682 2961 χωρίον
1724 2871 1840 2939 καὶ
1879 2867 1925 2963 ἢ
1963 2873 2048 2939 τὰ
2092 2873 2228 2957 πρὸ
2281 2872 2410 2939 τῶν
2453 2877 2616 2961 Μη-

504 2959 711 3024 δικῶν
744 2954 1088 3045 Ἑλληνικὰ
1132 2954 1557 3039 ξυνετίθεσαν
1598 2952 1644 3046 ἢ
1686 2954 1853 3024 αὐτοὶ
1893 2955 2325 3046 τὼΜηδικοῖ.
2369 2955 2618 3024 τούτων

505 3039 581 3110 δὲ
626 3048 689 3125 (i.
724 3067 774 3109 e.
806 3065 951 3126 quae
979 3046 1130 3108 inter
1159 3046 1372 3108 bellum
1403 3046 1706 3108 Persicum
1738 3054 1796 3108 et
1823 3047 2392 3127 Peloponnesiacum
2430 3047 2616 3108 inter-

502 3132 693 3194 media
723 3134 911 3207 erant)
946 3125 1152 3214 ὅσπερ
1183 3125 1299 3193 καὶ
1342 3121 1569 3213 ἥψατο
1600 3125 1669 3193 ἐν
1695 3128 1778 3234 τῇ
1807 3122 2079 3217 Ἀττικῇ
2108 3126 2445 3230 ξυγγραφῇ
2466 3123 2618 3193 Ἑλ,-

501 3211 796 3295 λοὶνικος,
849 3209 1142 3299 βραχέως
1184 3236 1256 3277 τε
1298 3210 1414 3278 καὶ
1455 3214 1596 3290 τοῖς
1636 3236 1897 3299 χρονοις
1942 3209 2060 3280 οὐκ
2113 3208 2406 3299 ἇκριβως
2456 3210 2616 3278 ἒπε-

499 3296 786 3385 μνήσθη.
862 3301 1165 3362 Enarravit
1201 3301 1376 3380 igitur
1425 3320 1627 3363 aevum
1682 3302 1970 3376 CimoniS,
2015 3302 2281 3377 Periclis,
2321 3303 2614 3364 factorum

500 3387 982 3468 gravissimorum
1014 3387 1296 3449 memoria
1326 3386 1582 3466 insigne,
1627 3387 1732 3448 sed
1769 3387 2020 3450 breviter
2059 3394 2116 3450 et
2156 3387 2218 3449 in
2246 3386 2616 3467 temporibus

501 3472 886 3551 negligentem
930 3470 1147 3533 scilicet
1182 3471 1379 3534 relicta
1418 3472 1510 3535 illa
1551 3473 1818 3547 materie,
1861 3472 1921 3534 in
1956 3491 2068 3553 qua
2100 3473 2296 3535 omnis
2325 3480 2470 3534 tunc
2510 3472 2618 3533 hi-

505 3557 686 3620 storia
728 3576 860 3618 sese
900 3557 1200 3618 continere
1238 3556 1482 3633 solebat,
1529 3557 1780 3637 stiloque
1820 3576 1930 3621 suo
1969 3558 2042 3620 ad
2085 3576 2237 3620 nova
2279 3557 2614 3620 studiorum

640 3742 723 3805 45)
750 3741 934 3793 ibidem
954 3745 1015 3794 de
1041 3744 1449 3811 Stephanephoro
1482 3743 1748 3795 Heraclide
1783 3749 2088 3795 memoratur
2119 3757 2186 3794 ex
2215 3743 2475 3795 Hellanico
2507 3740 2570 3796 ἔν
2594 3744 2620 3794 ί

508 3808 854 3878 Φορωνίδος,
880 3811 963 3861 ubi
988 3812 1300 3863 scribendum
1327 3820 1445 3878 puto
1471 3808 1532 3865 ἐν
1553 3807 1618 3877 β’.

638 3878 720 3942 46)
751 3876 841 3942 [Cf.
863 3879 1093 3930 Strabon.
1106 3879 1244 3943 XIV,
1265 3896 1311 3945 p.
1334 3879 1433 3929 636
1453 3895 1500 3946 a,
1520 3880 1751 3931 Eustath.
1771 3880 1834 3930 ad
1852 3880 1996 3933 Dion.
2018 3880 2073 3932 P.
2093 3878 2209 3946 825,
2229 3880 2374 3944 Πίος.
2393 3878 2507 3946 1..1,
2534 3878 2616 3944 83,

500 3947 726 4000 Mionnet
750 3948 985 4014 descript.
1009 3946 1090 4010 111,
1115 3964 1161 4014 p.
1193 3947 1325 4011 186.]

639 4015 723 4079 47)
747 4015 812 4067 V.
836 4016 1075 4067 Demeter
1106 4032 1156 4067 u.
1180 4016 1417 4082 Perseph.
1456 4033 1504 4082 p.
1530 4015 1629 4068 392
1663 4032 1770 4084 sqq.
1827 4017 1901 4067 De
1941 4015 2153 4068 Thalete
2187 4017 2293 4069 dixi
2333 4016 2384 4068 in
2425 3996 2637 4068 Histoi-‚⁰

503 4083 693 4136 Philos.
719 4099 784 4137 ex
807 4084 956 4137 fontt.
974 4084 1101 4136 loeis
1125 4091 1363 4139 contexta
1385 4100 1433 4152 p.
1459 4085 1491 4137 9
1515 4086 1652 4151 [edit.
1678 4085 1978 4137 sec.·eadem
2000 4087 2133 4153 pag]
