2867 4717
454 396 483 448 8
1164 399 1245 449 De
1281 397 1582 464 Aeschyli
1617 397 1850 448 Persis.

623 565 688 644 2)
746 564 828 626 De
882 565 1128 627 oraculis
1179 585 1211 627 a
1264 565 1487 628 Phineo
1547 564 1788 645 prolatis
1811 564 1928 638 16).
2016 561 2372 625 Ferebantur
2410 562 2561 624 inter

456 648 711 715 Graecos
743 650 979 730 antiqua
1011 651 1258 727 oracula,
1301 671 1446 731 quae
1475 652 1548 713 ad
1577 650 1844 713 Bacidem
1875 649 2034 710 illum
2073 655 2131 709 et
2159 648 2228 710 ad
2258 648 2558 709 Musaeum

456 735 877 797 referebantur.
949 735 1028 797 Iis
1071 737 1474 798 continebatur
1509 737 1629 797 fere
1672 736 1805 806 hoe,
1859 734 2297 812 Hellespontum
2344 733 2484 794 olim
2529 751 2563 794 a

376 830 429 872 16
456 820 653 880 Persis
696 820 964 900 junctum
1007 820 1078 881 iri
1104 823 1231 897 17);
1306 824 1517 883 Persas
1562 819 1866 881 delubrum
1913 818 2253 898 Delphicum
2295 818 2562 879 devasta-

452 913 639 978 turos‚
672 905 877 965 deinde
906 906 1244 967 interituros
1271 909 1293 946 1
1312 906 1444 980 ⁷b);
1485 906 1689 967 Medos
1722 903 1937 983 ingenti
1966 908 2159 981 strage
2187 903 2341 980 apud
2374 903 2563 964 Ther-

455 990 798 1050 modontem
838 997 1008 1069 atque
1039 992 1301 1070 Asopum
1343 991 1551 1052 fluvios
1603 990 1975 1070 profligatum
2016 988 2103 1048 iri.
2167 988 2322 1049 Haec
2367 995 2422 1048 et
2458 988 2565 1050 alia

455 1073 812 1154 ejuscemodi
843 1075 1089 1150 oracula,
1119 1076 1329 1155 partim
1361 1095 1510 1150 vera,
1540 1075 1751 1155 partim
1786 1073 2003 1152 spuria,
2035 1092 2065 1135 a
2094 1072 2478 1134 Pisistratidis
2510 1079 2567 1133 et

377 1164 428 1206 1⁷
456 1158 732 1221 Aleuadis
762 1160 1055 1222 exsulibus
1086 1161 1235 1223 Susa
1265 1161 1451 1222 delata
1482 1179 1615 1225 esse
1653 1166 1710 1221 et
1748 1158 1827 1219 ibi
1867 1159 1939 1219 ad
1981 1176 2224 1236 magnos
2261 1176 2428 1237 reges
2459 1157 2565 1219 ad-

455 1262 658 1305 versus
712 1243 967 1306 Graecos
1024 1246 1554 1307 exacerbeseendos
1616 1244 1969 1324 aliquantum
2020 1242 2230 1304 fecisse
2280 1242 2567 1303 videntur.-

456 1329 661 1408 Neque
690 1346 813 1390 non
839 1330 972 1409 ipse
1009 1330 1326 1410 Aeschylus
1357 1349 1464 1411 per
1502 1331 1650 1392 istos
1690 1329 1867 1402 virOS‚
1910 1327 2369 1401 Onomaoritum‚
2410 1326 2566 1388 Pisi-

460 1414 752 1488 stratidaS‚
782 1414 1082 1489 Aleuadas,
1114 1415 1360 1477 Xerxem
1396 1417 1469 1477 ad
1500 1415 1670 1476 fatale
1710 1414 1849 1476 illud
1877 1412 2089 1474 bellum
2129 1412 2568 1492 suscipiendum

458 1498 761 1560 seductum
792 1499 975 1561 fuisse
1015 1500 1366 1578 indicat18).
1433 1500 1638 1561 Darius
1678 1499 1771 1560 illa
1814 1496 2042 1559 oracula
2081 1505 2340 1570 noverat,
2386 1514 2569 1575 eaque

456 1583 631 1644 Xerxi
660 1583 978 1646 tradiderat
1004 1605 1074 1647 eo
1108 1585 1371 1661 consilio,
1409 1592 1478 1646 ut
1506 1604 1639 1647 eum
1671 1602 1702 1645 a
1731 1583 1883 1645 bello
1930 1600 2062 1644 cum
2109 1582 2340 1644 Graecis
2386 1599 2568 1662 porro

459 1669 717 1746 gerendo
750 1669 1031 1731 desistere
1058 1670 1276 1732 faceret
1295 1674 1316 1711 ¹
1334 1672 1414 1745 9).

632 1752 694 1828 2)
725 1755 984 1815 Persae
1037 1754 1292 1817 fabula.
1360 1756 1581 1816 Xerxes
1627 1753 1844 1815 bellum
1887 1752 2029 1814 illud
2081 1751 2250 1812 fatale
2289 1752 2608 1813 adversus.

463 1837 718 1898 Graecos
751 1857 958 1919 gerens
1002 1858 1244 1920 peregre
1288 1845 1396 1913 est,
1442 1840 1578 1901 Asia
1622 1846 1792 1918 atque
1834 1837 2070 1916 Europa
2115 1843 2296 1915 ponte
2330 1835 2570 1916 JunctiS.

459 1922 717 1983 Infausta
748 1924 928 1986 multa
971 1924 1240 1986 accidunt
1279 1924 1369 1997 iis,
1416 1924 1515 2004 qui
1546 1924 1714 1987 Susis
1753 1922 1935 1984 relicti
1978 1928 2132 1984 sunt.
2191 1920 2377 1982 Variis
2419 1920 2572 1983 curis

604 2152 684 2217 16)
710 2155 784 2205 De
809 2154 872 2204 iis
896 2151 1056 2204 fusius
1082 2154 1288 2204 disserit
1311 2153 1540 2204 Miiller
1562 2153 1598 2203 l.
1623 2169 1666 2203 c.

603 2221 685 2283 17)
712 2222 896 2273 Herod.
932 2219 1039 2272 VII.
1077 2221 1123 2272 6.
1178 2216 1581 2291 Ὀνομάκριτος
1615 2215 2017 2303 χρησμολόγος
2060 2237 2118 2273 τε
2168 2221 2262 2271 καὶ
2312 2217 2575 2283 διαθέτης

456 2289 735 2358 χρησμῶν
757 2290 866 2340 τῶν
876 2292 1183 2339 Μουσαίου
1203 2317 1267 2325 -
1287 2284 1372 2340 ἐπ’
1402 2286 1715 2406 αὐτοῖωρῳ
1743 2286 1909 2345 αλοὺς
1931 2287 2217 2357 ἐμποιέων
2239 2286 2294 2344 ἐς
2316 2284 2384 2337 τὰ
2406 2290 2574 2337 Μου-

466 2360 633 2408 σαίου
646 2351 912 2428 χρησμόν
947 2364 1043 2407 ete.
1068 2384 1138 2394 —-
1161 2358 1247 2407 ille
1281 2372 1378 2407 una
1417 2372 1528 2407 cum
1595 2357 1906 2420 isistratidis,
1942 2373 2065 2423 quos
2098 2357 2184 2407 ille
2209 2363 2436 2406 sectatus
2460 2369 2574 2405 esse

463 2426 689 2487 videtur,
726 2432 778 2476 et
812 2441 921 2475 cum
945 2424 1184 2475 Aleuadis
1217 2425 1347 2490 apud
1380 2425 1585 2474 Darium
1627 2432 1681 2475 et
1707 2424 1935 2475 Xerxem
1975 2425 2123 2474 exsul
2162 2426 2254 2474 hos
2293 2425 2355 2473 ad
2391 2422 2576 2473 bellum

466 2492 675 2544 Graecis
706 2490 1014 2542 inferendum
1036 2492 1253 2543 oraculis
1279 2492 1472 2542 fictitiis
1496 2493 1767 2543 seducebat
1790 2520 1858 2528 —
1884 2494 1933 2543 εἰ
1956 2493 2064 2559 μέν
2092 2509 2146 2542 τι
2168 2490 2315 2543 ἐνέοι.
2339 2486 2576 2560 σφάλμα

466 2561 648 2629 φέρον
670 2561 746 2626 τῷ
768 2555 1045 2630 βαρβάρῳ,
1069 2562 1182 2611 τῶν
1202 2557 1310 2627 μὲν
1336 2557 1487 2629 ἔλεγε
1513 2557 1690 2619 οὐδὲν,
1719 2556 1749 2609 ὁ
1778 2556 1841 2610 δὲ
1867 2555 1933 2610 τὰ
1961 2559 2328 2627 εὐτυχέστατα
2358 2552 2577 2624 ἐκλεγό-

465 2643 635 2696 μενος
666 2625 817 2695 ἔλεγε
849 2623 949 2679 τόν
989 2643 1046 2677 τε
1069 2623 1473 2692 Ἐλλήςποντον
1498 2624 1572 2683 ὡς
1596 2627 1894 2695 ζευχθῆναι
1919 2622 2107 2696 χρεὼν
2151 2629 2233 2692 εἴη
2269 2620 2578 2696 ὑπ’ἀνδρὸς

473 2696 713 2763 Πέρσεω,
737 2689 836 2760 τήν
859 2710 918 2746 τε
944 2692 1135 2747 ἔλασιν
1157 2690 1518 2762 ἐξηγεόμενος
1542 2701 1640 2745 ete.

607 2763 720 2825 171»)
746 2763 807 2813 H.
832 2762 923 2812 IX.
948 2763 1013 2813 42
1050 2762 1362 2813 Mardonium
1405 2769 1579 2812 narrat
1612 2762 1829 2812 dixisse:
1871 2758 1992 2812 ἔστι
2024 2757 2236 2830 λόγιον,
2282 2756 2356 2818 ὡς
2391 2777 2435 2828 χ
2474 2755 2580 2812 εών

468 2828 589 2882 ἔστι
610 2833 835 2899 Πέρσας
866 2825 1249 2898 ἀπικομένους
1289 2828 1345 2886 ἐς
1379 2827 1479 2911 τὴν
1506 2825 1746 2880 Ἑλλάδα
1791 2826 2109 2899 διαρπάσαι
2141 2825 2205 2880 τὸ
2243 2826 2371 2899 ἱρὸν
2409 2845 2440 2877 τ
2519 2827 2581 2880 ἐν

468 2896 763 2966 Δελφοῖσι,
782 2894 924 2965 μετὰ
950 2895 1013 2948 δὲ
1037 2894 1136 2961 τὴν
1161 2895 1484 2965 διαρπαγην
1507 2892 1837 2949 ἀπολέσθαι
1850 2893 2082 2958 πάντας,
2108 2905 2258 2963 atque
2285 2899 2377 2947 hoe
2396 2896 2578 2946 vatici-

469 2967 550 3015 nio
575 2966 647 3016 ita
665 2981 807 3016 usum
832 2980 964 3029 esse,
1000 2972 1058 3014 ut
1092 2964 1277 3016 Persas
1312 2966 1586 3015 incolumes
1610 2964 1807 3015 futuros
1841 2981 1955 3016 esse
1990 2967 2209 3029 diceret,
2241 2966 2323 3030 qui
2358 2963 2578 3030 Delphos

471 3034 666 3082 omnino
693 3049 788 3082 non
813 3033 1118 3096 tetigissent.
1166 3032 1350 3083 Herod.
1375 3039 1552 3083 autem·
1568 3033 1661 3082 hoc
1684 3033 1845 3098 ipsum
1869 3034 2125 3084 oraculum
2148 3033 2378 3100 primitus
2404 3048 2501 3081 non
2527 3032 2578 3081 in

469 3100 679 3165 Persas,
707 3103 795 3151 sed
819 3102 866 3150 in
892 3100 1095 3168 Illyrios
1119 3098 1304 3152 factum
1329 3116 1445 3151 esse
1469 3101 1596 3151 vult.
1647 3100 1833 3152 Contra
1868 3101 1917 3151 iu
1943 3116 2154 3167 pugnam
2176 3100 2525 3152 Plataeensem
2547 3114 2580 3149 a

470 3169 649 3219 Baeide
687 3169 782 3218 hoc
813 3169 1136 3235 compositum
1162 3184 1278 3219 esse
1300 3166 1542 3219 affirmat:

740 3233 855 3302 Τὴν
879 3232 1030 3288 δ’ἔπὶ
1058 3231 1420 3306 Θερμώδοντι
1444 3233 1785 3302 καὶᾎσωπῷ
1808 3236 2073 3307 λεχεποίῃ
2099 3242 2196 3286 cet.
2218 3261 2288 3273 —

469 3303 792 3369 subjungens,
827 3321 882 3355 se
919 3306 1040 3354 haee
1064 3311 1117 3354 et
1139 3306 1236 3355 alia
1270 3305 1546 3355 consimilia
1579 3305 1815 3355 vaticinia
1840 3320 1871 3354 a
1898 3304 2104 3355 Musaeo
2137 3304 2187 3353 in
2219 3303 2407 3355 Persas
2445 3301 2580 3354 facta

468 3387 583 3423 esse
609 3372 757 3423 seire.
816 3371 1040 3432 Constat,
1079 3373 1322 3439 quomodo
1350 3372 1533 3424 Graeci
1565 3372 1752 3422 talibus
1787 3372 2041 3422 vaticiniis
2076 3372 2156 3422 usi
2196 3372 2326 3435 sint,
2360 3387 2420 3421 ea
2451 3385 2579 3437 quae

469 3440 588 3505 ipsis
613 3437 865 3503 favebant,
889 3440 1162 3507 aspernati,
1196 3441 1415 3490 secunda
1448 3437 1699 3491 foventes.
1770 3439 1896 3490 Nam
1930 3439 2081 3489 etiam
2111 3440 2329 3490 alterum
2363 3439 2485 3489 illud
2516 3439 2579 3490 de

468 3522 629 3573 pugna
654 3507 939 3559 Plataeensi
963 3508 1166 3573 proprie
1195 3524 1291 3557 non
1314 3507 1518 3573 Persas,
1553 3514 1610 3557 ut
1642 3507 1754 3557 vult
1787 3506 1994 3570 Herod.,
2029 3508 2119 3557 sed
2142 3507 2425 3559 Amazonas
2461 3521 2579 3572 spe-

469 3575 648 3640 ctabat,
677 3573 741 3626 cf.
764 3578 871 3626 hot.
895 3574 979 3627 46.
1028 3575 1100 3625 De
1126 3575 1237 3638 fide,
1271 3591 1413 3640 qnam
1441 3574 1621 3625 Graeci
1661 3575 1878 3624 oraculis
1911 3574 2094 3625 habere
2129 3576 2504 3638 consueverint,
2526 3589 2611 3625 v,-

471 3642 724 3692 Wachsm.
752 3644 929 3693 hellen.
956 3642 1173 3692 Alter-th.
1201 3640 1288 3694 lv.
1314 3641 1430 3692 268.
1457 3669 1527 3679 —
1549 3640 1782 3691 Ceterum
1824 3639 1887 3691 cf.
1915 3657 2040 3708 quae
2074 3642 2295 3694 Her.lX.
2337 3642 2400 3693 16
2447 3641 2583 3693 The·-

469 3710 544 3760 bis
568 3724 596 3759 a
621 3709 776 3760 Persa
803 3712 1011 3776 quodam
1035 3711 1170 3758 inter
1194 3710 1368 3775 epulas
1393 3711 1643 3771 dicuntur,
1668 3708 1850 3759 Persas
1876 3711 2030 3774 probe
2055 3712 2205 3774 scire,
2231 3726 2288 3761 se
2311 3726 2429 3761 mox
2453 3711 2580 3761 inte-

469 3779 888 3895 {¹²⁰¹'008'3v‘3‘2uul
912 3792 971 3857 se
993 3778 1132 3843 sequi
1158 3773 1431 3897 dyoeyxoz‘cy
1459 3775 1869 3897 gvdedgpfvovc.
1915 3777 2059 3844 Nam,
2085 3772 2176 3829 ὅτι
2198 3776 2292 3830 δεῖ
2309 3778 2583 3847 γενέσθαι

497 3861 528 3894 κ
551 3861 648 3895 του
717 3859 830 3906 sev,
855 3862 889 3894 α
1011 3859 1148 3896 ανον
1171 3861 1322 3894 αποτ
1439 3863 1497 3895 αι
1519 3859 1593 3896 αν
1673 3861 1762 3895 ωπ
1812 3882 1825 3896 .

474 3976 552 4037 Ξέ
584 3911 690 4037 318)
718 3911 828 3962 Prs.
856 3862 1043 3963 veil5x3.
1071 3913 1243 3962 ταῦτα
1267 3853 1679 3970 τορῖςρκακοῖί
1714 3862 1930 3983 ὁμριλῶν
1951 3908 2230 3984 ἀνδράσιν
2253 3908 2582 3965 διδάσκεται

650 3995 690 4035 ς.

550 3996 580 4048 <²
611 3994 691 4113 119)
718 4048 835 4100 739.
862 4048 977 4100 782.
1004 4044 1070 4100 οὗ
1090 4042 1433 4118 μνημονεύει
1456 4044 1555 4107 τὰς
1576 4046 1719 4118 ἐμὰς
1740 4046 2062 4106 ἐπιστολάς.
