2867 4717
733 434 822 488 De
869 434 1311 503 Praxiphane
1349 436 1847 504 Peripatetico,
2285 439 2353 495 95

221 589 433 650 Secuti
463 598 604 651 sunt
631 590 927 669 discipuli,
968 609 1221 670 quorum
1261 590 1455 652 nullus
1485 599 1577 653 est
1607 592 1748 670 quin
1777 593 2218 671 grammaticam
2250 614 2353 658 seu

218 675 558 752 generalem
594 674 746 735 illam
788 675 907 735 sive
935 676 1084 736 hanc
1113 676 1517 755 particularem
1550 678 1974 738 commentario
2005 678 2195 757 aliquo
2227 680 2354 741 edi-

217 767 284 819 to
320 759 598 837 attigerit.
655 760 754 820 Sic
785 758 1233 838 Theophrastus
1265 767 1440 839 atque
1462 761 1763 821 Eudemus
1789 780 1967 841 opera
1990 763 2354 842 scripserunt

217 837 390 925 περὶ
436 836 702 919 λέξεως,
763 844 975 923 quibus
1018 844 1090 905 de
1131 844 1395 923 partibus
1444 845 1726 906 orationis
1770 846 2060 924 variisque
2104 866 2173 907 ex
2220 849 2350 927 qui-

216 926 337 989 bus
404 928 720 989 verborum
786 928 1243 1006 significationes
1296 947 1623 1008 suspensae
1674 929 1794 991 sint
1843 931 2034 991 causis
2088 940 2351 994 accurate

218 1012 639 1091 quaesiverant
660 1013 736 1091 ³).
806 1013 970 1073 Adde
1010 1014 1455 1087 Aristoxenum,
1507 1014 1604 1092 qui
1646 1014 1718 1074 de
1756 1015 1983 1076 musica
2021 1015 2347 1078 litterarum

214 1103 441 1165 natura
482 1096 879 1176 disputaverat
916 1104 975 1158 et
1013 1098 1302 1176 quandam
1334 1105 1676 1159 accentuum
1710 1099 2076 1178 disciplinam
2109 1100 2348 1163 institu-

215 1181 343 1241 isse
403 1181 627 1242 videtur
644 1184 734 1256 4),
799 1189 857 1242 et
905 1181 1266 1243 Heraclidem
1318 1183 1628 1244 Ponticum
1682 1183 1939 1262 itemque
1988 1185 2347 1247 Demetrium

213 1265 598 1338 Phalereum,
638 1266 967 1327 auditorem
1001 1266 1425 1346 Theophrasti,
1467 1285 1716 1344 quorum
1758 1267 1913 1329 inter
1950 1268 2168 1348 scripta
2194 1271 2348 1333 varia

212 1350 590 1428 grammatici
620 1351 946 1429 argumenti
978 1369 1155 1429 opera
1179 1358 1560 1412 recensentur
1577 1352 1651 1426 ⁵).
1705 1351 1943 1412 Praeter
1964 1359 2189 1413 ceteros
2214 1374 2348 1415 om-

211 1451 329 1494 nes
364 1441 562 1494 autem
594 1434 956 1513 grammatici
986 1453 1206 1496 nomen
1231 1435 1729 1515 Praxiphanes
1761 1436 2190 1514 posterioribus
2221 1458 2346 1499 me-

211 1518 423 1580 ruisse
461 1518 786 1589 videbatur,
829 1521 901 1581 de
943 1538 1059 1599 quo
1101 1538 1232 1580 cum
1274 1520 1542 1581 nondum
1582 1520 1713 1581 data
1757 1539 1935 1599 opera
1976 1540 2008 1581 a
2048 1539 2345 1601 quoquam

212 1603 587 1682 disputatum
622 1622 753 1664 esse
783 1603 1098 1679 videam⁶)‚
1130 1604 1391 1666 attinebit
1419 1622 1567 1682 quae
1596 1605 1668 1664 de
1697 1605 1811 1666 vita
1843 1605 1966 1665 eius
2001 1614 2173 1685 atque
2195 1608 2343 1668 scri·
2371 1623 2397 1662 5

210 1688 337 1765 ptis
367 1687 457 1746 vel
488 1694 722 1748 exstant
748 1689 834 1748 vel
864 1688 1150 1768 probabili
1177 1688 1513 1752 coniectura
1543 1689 1691 1749 effici
1714 1697 1973 1768 possunt
1993 1690 2072 1750 ita
2095 1709 2345 1771 compo-

211 1790 367 1833 nere
409 1779 584 1849 atque
624 1771 911 1850 digerere,
960 1779 1027 1833 ut
1063 1773 1200 1852 quid
1248 1774 1319 1834 de
1358 1773 1733 1851 grammatica
1772 1774 2096 1854 ceterisque
2135 1775 2343 1837 litteris

209 1856 505 1917 meruerit
533 1857 725 1935 quoad
757 1857 880 1918 eius
912 1857 1130 1936 poterit
1157 1858 1592 1919 accuratissime
1621 1866 1964 1936 exponatur.

393 1940 475 2000 De
512 1940 622 2002 vita
661 1940 954 2021 rebusque
983 1941 1368 2020 Praxiphanis
1407 1959 1616 2020 parum
1661 1949 1910 2002 constat.
1998 1942 2168 2019 Apud
2215 1942 2343 2003 Cle-

207 2030 481 2085 mentem
521 2025 971 2087 Alexandrinum
1006 2026 1226 2087 Strom.
1256 2026 1302 2097 1,
1343 2043 1402 2103 p.
1437 2025 1559 2086 365
1591 2025 1746 2086 Pott.
1778 2033 2021 2086 vocatur
2050 2026 2343 2107 Dionyso-

207 2108 434 2187 phanis
476 2109 627 2170 filius
668 2117 727 2171 et
754 2111 1157 2189 MitylenaeuS,
1198 2101 1560 2193 ὠνομάσθη
1618 2104 1693 2172 δὲ
1746 2107 2200 2191 γραμματικός
2252 2103 2344 2185 ὥς

207 2189 323 2254 νῦν
374 2183 781 2273 ὀνομάζομεν
823 2191 1089 2275 πρῶτος
1130 2188 1568 2278 Πραξιφάνης
1612 2188 2153 2278 Διονυσοφάνους
2183 2197 2337 2257 Μι-

207 2273 588 2360 τυληναῖος,
655 2279 808 2340 inter
857 2279 1124 2340 Rhodios
1186 2278 1534 2340 illustriores
1587 2287 1930 2340 numeratur
1981 2299 2013 2340 a
2052 2280 2341 2341 Strabone

208 2361 366 2436 XIV,
399 2382 459 2442 p.
494 2363 617 2423 655
647 2359 778 2424 τῶν
807 2358 966 2444 περὶ
1008 2357 1242 2443 λόγους
1285 2358 1402 2424 καὶ
1446 2355 1856 2447 φιλοσοφίας
1901 2357 1940 2424 ὅ
1981 2383 2054 2423 τε
2081 2358 2336 2425 Παναί-

208 2465 364 2521 τιος
426 2437 626 2520 αὐτὸς
685 2442 801 2508 καὶ
853 2443 1268 2530 Στρατοκλῆς
1328 2442 1445 2508 καὶ
1501 2439 1920 2527 Ἀνδρόνικος
1983 2440 2019 2508 ὁ
2084 2441 2159 2509 ἐκ
2210 2444 2340 2510 τῶν

209 2525 614 2614 περιπάτων
675 2527 792 2593 καὶ
845 2524 1199 2615 Λεωνίδης
1253 2524 1290 2592 ὁ
1344 2524 1668 2607 Στωικός,
1733 2522 1833 2592 ἔτι
1890 2525 1965 2593 δὲ
2016 2526 2340 2614 πρότερον

208 2610 656 2699 Πραξιφάνης
707 2612 824 2677 καὶ
868 2607 1177 2700 Εὔδημος
1219 2610 1335 2676 καὶ
1380 2608 1779 2698 Ἱερώνυμος,
1841 2617 2200 2696 eandemque
2248 2617 2337 2677 fa-

210 2718 373 2761 mam
417 2701 682 2778 sequitur
709 2701 1072 2780 Epiphanius
1105 2701 1233 2761 adv.
1264 2700 1499 2761 HaereS.
1529 2700 1624 2761 lib.
1656 2700 1751 2761 111.
1789 2700 1856 2758 T.
1890 2700 1962 2774 ΙΙ,
1986 2718 2044 2778 p.
2086 2699 2246 2760 1090
2270 2700 2335 2759 Β.

209 2783 576 2845 Dubitaveris
618 2803 691 2846 an
729 2786 885 2846 idem
922 2785 1101 2847 fuerit
1137 2784 1509 2863 Mitylenaeus
1550 2791 1607 2844 et
1634 2783 1931 2855 Rhodius,
1974 2783 2075 2843 sed
2109 2790 2339 2844 constat

213 2868 545 2929 certissime
575 2870 1019 2949 Peripateticum
1052 2875 1110 2929 et
1139 2868 1581 2945 grammaticum
1614 2867 1863 2927 eundem
1897 2885 2053 2940 esse,
2094 2867 2338 2946 Peripa-

213 2954 457 3015 teticum
509 2973 647 3014 vero
702 2955 1022 3015 memorari
1074 2972 1106 3013 a
1148 2952 1438 3013 Strabone
1486 2953 1574 3012 vel
1626 2952 1761 3012 inde
1803 2952 2180 3013 manifestum
2226 2961 2335 3027 est,

211 3188 393 3250 pendis
414 3187 746 3253 Porphyrium
772 3190 1037 3240 subditicio
1055 3190 1184 3240 libro
1203 3202 1348 3238 usum
1367 3202 1483 3237 esse
1504 3187 1761 3236 existimat
1779 3186 2019 3236 Lehrsius
2041 3185 2074 3234 l.
2097 3201 2139 3235 c.
2159 3201 2204 3251 p.
2218 3185 2335 3235 227.

213 3251 305 3315 [Cf.
331 3254 517 3304 Franc.
545 3254 708 3306 Ritter
740 3257 787 3305 in
823 3259 1176 3308 commentario
1202 3258 1251 3307 in
1277 3254 1494 3305 Aristot.
1520 3261 1654 3320 poet.
1681 3269 1760 3319 pg.
1786 3252 1902 3303 264.
1953 3252 2179 3302 Diintzcr
2201 3252 2329 3302 Ret—

210 3327 336 3384 tung
361 3322 457 3371 der
478 3322 730 3373 aristotel.
757 3324 932 3374 Poetik
959 3341 1039 3391 pg.
1070 3326 1201 3387 102.]

350 3388 402 3451 3)
440 3389 649 3440 Brandis
681 3391 807 3441 iiber
840 3393 921 3442 die
955 3392 1248 3442 Schicksale
1281 3392 1372 3440 der
1405 3388 1667 3439 Aristotel.
1706 3388 1897 3437 Biicher
1920 3404 1968 3453 p.
1995 3386 2058 3436 33
2085 3403 2158 3453 sq.
2209 3387 2332 3438 Fra-

209 3463 415 3517 gmenta
453 3457 571 3506 libri
605 3457 936 3524 Theophrasti
979 3460 1269 3525 plenissime
1313 3457 1520 3518 collegit
1553 3456 1754 3505 Maxim.
1804 3455 2026 3504 Schmidt
2067 3456 2127 3505 de
2162 3454 2332 3505 Theo-

208 3524 420 3586 phrasto
444 3524 665 3585 rhetore,
692 3526 801 3575 Hal.
829 3526 949 3577 Sax.
979 3527 1124 3591 1839,
1151 3544 1198 3592 p.
1226 3524 1463 3574 37-54,
2336 3529 2352 3542 ⁶

347 3591 402 3653 4)
442 3590 651 3641 Classen
676 3593 710 3643 l.
739 3610 784 3643 c.
810 3610 858 3659 p.
885 3593 978 3655 343
1005 3592 1068 3645 cf.
1095 3595 1254 3644 Lehrs
1278 3593 1315 3642 l.
1342 3607 1385 3641 c.
1412 3608 1460 3657 p.
1487 3591 1570 3639 51.

350 3659 401 3720 5)
439 3659 512 3708 De
539 3659 802 3710 Heraclide
827 3677 875 3711 v.
900 3660 1044 3724 Diog.
1071 3661 1125 3711 L.
1151 3660 1213 3725 V,
1243 3659 1324 3720 87,
1350 3660 1411 3708 de
1437 3657 1692 3707 Demetrio
1719 3657 1784 3707 ib.
1812 3656 1893 3708 80.
1926 3717 1929 3718 ⁷

349 3724 403 3789 6)
442 3725 562 3776 Cum
598 3743 759 3793 neque
789 3729 967 3779 Suidas
1004 3730 1065 3779 de
1092 3727 1406 3793 Praxiphane
1443 3732 1797 3775 commemoret
1829 3740 1988 3789 neque
2022 3725 2326 3785 Athenaeus,

210 3806 420 3856 quorum
444 3794 531 3844 ille
557 3796 856 3861 scriptorum
876 3797 1251 3861 deperditorum
1271 3795 1420 3855 vitas,
1442 3794 1520 3843 hic
1536 3791 1817 3854 fragmenta
1834 3792 2112 3857 titulosque
2131 3790 2330 3856 pleros-

211 3874 308 3923 que
335 3863 657 3927 suppeditare
692 3864 850 3927 solet,
887 3865 1137 3913 siluerunt
1161 3865 1222 3913 de
1249 3878 1306 3912 eo
1333 3862 1484 3911 etiam
1509 3860 1842 3922 recentiores,
1867 3860 2012 3909 velut
2035 3858 2330 3918 SchoelliuS,

210 3928 295 3990 qui
330 3929 487 3979 semel
521 3937 712 3980 tantum
746 3932 893 3996 idque
927 3931 1112 3981 leviter
1142 3938 1290 3995 atque
1325 3931 1374 3978 in
1412 3944 1467 3978 re
1490 3928 1732 3977 alieniore
1756 3927 2086 3992 Praxiphanis
2109 3926 2330 3975 meminit

207 3992 328 4044 Vol.
353 3994 391 4057 Ι,
417 4013 464 4061 p.
492 3997 609 4060 241,
635 3999 768 4047 inter
792 4006 1211 4049 commentatores
1230 3997 1508 4063 Sophoclis.
1558 3996 1686 4045 Prae
1707 3996 1892 4045 ceteris
1911 4010 1961 4044 v.
1981 3993 2182 4043 Fabric.
2201 3992 2326 4043 Bibl.

211 4059 303 4114 Gr.
329 4062 447 4114 Vol.
471 4064 554 4127 ΙΙΙ,
578 4081 627 4130 p.
655 4066 753 4115 503
779 4074 832 4117 et
854 4067 1060 4117 Classen
1087 4067 1122 4116 l.
1149 4082 1191 4116 c.
1219 4081 1266 4130 p.
1295 4065 1441 4128 Ssq.;
1472 4063 1553 4113 71.
