2867 4717
983 460 1225 515 Lesbio
1268 459 1614 513 historice.
2328 462 2395 515 51

271 630 361 690 vel
382 629 584 709 potius
598 629 965 707 Daphernem
998 648 1170 709 quem
1204 629 1534 690 Hellanicus
1568 626 1914 708 appellabat,
1960 634 2133 707 atque
2161 628 2397 690 Darium
2460 644 2516 686 u

273 722 569 776 certamen
592 721 865 792 equestre
894 715 1115 786 iniisse,
1149 722 1319 793 pacto
1353 721 1415 775 ut
1445 714 1633 775 utrius
1677 731 1888 791 equuS,
1930 713 2031 773 ubi
2071 713 2142 773 ad
2183 722 2402 774 metam

270 807 507 860 ventum
523 806 699 870 esset,
734 800 992 877 primum
1007 800 1280 870 hinniret,
1314 799 1365 858 ei
1399 816 1646 877 regnum
1682 797 2022 875 obtingeret.
2075 797 2195 857 lam
2228 798 2400 858 Dario

271 901 406 944 cum
465 884 749 962 equisone
802 902 912 943 suo
956 884 1154 944 callide
1195 884 1542 955 convenisse
1604 891 1668 943 ut
1710 881 1965 942 tunicam
2010 883 2079 942 ad
2138 882 2402 960 genitalia

268 986 455 1047 equae
533 968 789 1028 feminae
841 968 1128 1029 affricaret
1184 987 1427 1047 eamque
1479 966 1631 1028 fatali
1665 966 1759 1026 illo
1792 975 2094 1027 momento
2127 967 2196 1027 ad
2229 984 2401 1027 nares

266 1053 407 1131 equi
459 1051 815 1112 admoveret.
876 1053 959 1113 Ita
989 1053 1209 1113 factum
1270 1072 1401 1113 esse
1463 1060 1527 1113 ut
1582 1052 1791 1112 Darius
1851 1068 2034 1128 regno
2093 1051 2400 1129 potiretur.

264 1137 413 1197 Aliis
467 1135 632 1197 aliter
672 1155 797 1197 rem
849 1137 1096 1198 narrari.
1138 1171 1223 1181 —
1253 1137 1335 1197 De
1372 1137 1535 1198 bellis
1578 1138 1857 1197 adversus
1908 1136 2163 1196 Graecos
2219 1135 2400 1214 gestis

263 1220 674 1282 testimonium
713 1220 992 1282 Hellanici
1051 1229 1251 1282 contra
1291 1221 1658 1282 Herodotum
1704 1218 1855 1289 Vlss,
1902 1220 1982 1280 46
2025 1219 2331 1281 adhibetur
2367 1239 2401 1281 a

263 1305 584 1367 Plutarcho
615 1306 687 1365 de
717 1305 933 1367 Herod.
975 1307 1209 1384 malign.
1257 1325 1305 1366 c.
1340 1306 1440 1374 36,
1493 1305 1782 1366 malitiose
1823 1303 2184 1364 Herodotum
2231 1322 2402 1381 agere

265 1391 657 1450 contendente
689 1391 849 1469 quod
883 1391 955 1450 de
984 1391 1299 1451 Naxiorum
1335 1390 1663 1450 defectione
1693 1388 1979 1459 retulerit,
2013 1406 2191 1466 quum
2236 1387 2401 1449 Naxii

262 1481 420 1536 teste
472 1474 767 1535 Hellanico
821 1493 924 1535 sex
992 1475 1270 1547 navibus,
1339 1475 1584 1554 Ephoro
1641 1481 1789 1535 teste
1847 1472 2106 1552 quinque
2156 1472 2400 1533 navibus

262 1565 487 1639 sponte
517 1559 753 1620 Graecis
784 1559 996 1620 auxilio
1027 1558 1307 1620 venerint.

625 1765 723 1827 ΠΙ.
816 1764 1215 1827 SCRIPTA
1269 1764 2035 1827 CHRONOLOGICA.

753 1899 799 1934 ι.
858 1884 1249 1934 Sacerdotes
1299 1883 1555 1934 Iunonis
1606 1884 1902 1946 Argivae.

437 1984 605 2064 Opus
638 1985 927 2058 omnium,
958 1986 1009 2046 si
1040 1986 1349 2047 historiam
1380 1985 1523 2046 artis
1557 1985 1872 2045 historicae
1901 1982 2204 2062 respicias,
2234 1981 2398 2043 facile

264 2070 701 2150 gravissimum,
741 2088 860 2148 quo
903 2078 1117 2131 certam
1158 2077 1496 2148 temporum
1542 2070 2076 2148 computandorum
2109 2068 2395 2128 rationem

262 2162 517 2216 conatus
549 2163 640 2215 est
670 2153 1024 2228 Hellanicus,
1067 2174 1215 2233 quae
1249 2156 1382 2216 licet
1420 2155 1760 2234 imperfecta
1791 2153 1994 2224 fuerit,
2040 2160 2237 2213 tamen
2269 2171 2398 2212 eam

259 2239 501 2301 laudem
535 2239 644 2299 sibi
676 2239 968 2299 vindicare
999 2241 1225 2317 optimo
1267 2241 1392 2300 iure
1421 2246 1637 2319 potest,
1679 2258 1826 2318 quae
1866 2238 2054 2317 prima
2087 2237 2144 2297 in
2176 2237 2399 2298 artibus

263 2325 604 2403 quibusque
626 2323 1088 2402 periclitantibus
1118 2324 1618 2402 fundamentaque
1641 2323 2023 2393 struentibuS‚
2058 2322 2269 2401 quibus
2302 2340 2400 2381 ce-

261 2409 374 2469 teri
409 2409 481 2469 ad
515 2408 735 2468 maiora
768 2409 1080 2474 enitantur
1114 2409 1264 2468 solet
1294 2408 1365 2469 ab
1398 2409 1672 2468 omnibus
1706 2407 1923 2467 haberi.

441 2492 781 2592 Appellatur
808 2493 925 2552 hoc
956 2511 1110 2571 opus
1142 2512 1173 2553 a
1206 2493 1593 2553 Constantino
1626 2493 1993 2571 Porphyrog.
2025 2490 2231 2550 Them.
2256 2488 2326 2561 ll,
2360 2488 2399 2548 2

254 2569 540 2678 ’ἱέρειαι
588 2597 657 2638 αι
703 2570 772 2638 ἐν
810 2568 1069 2656 Ἀργει,
1127 2596 1158 2637 a
1216 2578 1513 2656 plerisque
1552 2569 1816 2657 Ἱέρειαι
1871 2578 1993 2677 τῆς
2046 2567 2260 2674 εΉροις
2315 2573 2402 2633 vel

258 2662 429 2723 nude
450 2651 738 2741 Ἱέρειαι.
820 2661 1205 2722 Recentiores
1249 2662 1402 2722 idem
1447 2662 1638 2721 dicere
1679 2662 1872 2721 solent
1904 2651 2268 2737 (Ηρεσίδες,
2299 2677 2399 2717 ve·

262 2763 413 2807 reor
440 2752 509 2805 ut
538 2753 723 2818 recte,
755 2763 890 2805 nam
923 2764 1100 2806 nemo
1136 2747 1513 2822 antiquorum
1555 2745 1674 2805 hoc
1711 2744 1954 2804 nomine
1982 2744 2185 2815 utitur,
2214 2759 2403 2819 neque

263 2830 518 2890 omnino
551 2830 676 2890 illae
707 2831 1063 2901 sacerdotes,
1097 2830 1168 2889 de
1200 2831 1411 2907 quibus
1445 2828 1683 2907 scripsit
1712 2827 2058 2898 Hellanicus,
2082 2826 2169 2887 sic
2198 2826 2399 2906 appel·
2454 2844 2508 2885 ss

258 2915 415 2976 latae
445 2933 577 2974 esse
604 2914 893 2987 videntur,
927 2915 1027 2975 sed
1060 2914 1212 2975 aliud
1244 2914 1567 2992 puellarum
1600 2911 1991 2973 sacerdotium
2012 2912 2132 2989 ⁶⁰).

263 3089 468 3132 σαντες
489 3076 818 3162 ἐλευθέρους
841 3076 1072 3136 ἑαυτοὺς
1096 3079 1233 3132 εἶναι
1256 3078 1623 3146 βουλεύεσθαι
1644 3080 1736 3131 καὶ
1755 3073 1896 3147 μήτε
1919 3095 2114 3146 αρχειν
2130 3074 2271 3146 μήτε
2295 3096 2400 3142 αρ-

252 3150 474 3212 χεσθαι
498 3147 591 3195 καὶ
616 3143 927 3199 ἀπολαύειν
951 3148 1062 3199 τῶν
1086 3150 1193 3227 τῆς
1196 3142 1380 3230 ἀρχῆς
1405 3147 1619 3199 δεινῶν.
1693 3148 1937 3197 Similiter
1970 3148 2159 3196 Otanes
2192 3161 2270 3209 ap.
2297 3145 2398 3193 He-

261 3215 377 3263 rod.
404 3211 498 3275 ΙΙΙ,
524 3213 588 3263 83
637 3208 763 3265 οὔτε
789 3210 898 3283 γὰρ
924 3211 1118 3283 ἄρχειν
1143 3210 1268 3266 οὔτε
1296 3212 1577 3283 ἄρχεσθαι
1614 3213 1808 3275 ἐθέλω,
1836 3222 1889 3263 et
1921 3221 2061 3278 patet
2092 3213 2399 3262 Herodotum

260 3281 559 3346 praeclaras
593 3282 707 3332 illas
735 3285 992 3333 orationes
1020 3300 1113 3332 non
1144 3300 1206 3332 ex
1236 3285 1389 3332 nihilo
1418 3284 1658 3341 finxisse,
1700 3284 1786 3332 sed
1815 3281 2128 3330 rumusculos
2163 3281 2399 3361 quosdam

261 3363 323 3398 ea
358 3349 423 3395 de
462 3350 832 3400 consultatione
866 3367 1071 3417 sparsos
1097 3349 1280 3411 fuisse,
1316 3349 1379 3400 cf.
1407 3352 1473 3400 80
1507 3351 1598 3400 καὶ
1632 3349 1948 3416 ἐλέχθησαν
1979 3343 2141 3414 λόγοι
2165 3343 2401 3397 ἄπιστοι

258 3413 372 3483 μὲν
396 3413 600 3465 ἐνίοισι
620 3413 776 3480 Ἐλλή
781 3433 893 3467 ιων
932 3419 1238 3483 (quibuscum
1270 3417 1508 3467 familiari
1544 3433 1775 3466 sermone
1806 3433 1862 3466 ea
1890 3418 1951 3465 de
1987 3432 2041 3465 re
2068 3423 2398 3465 conversatus

261 3485 418 3542 erat),
445 3481 761 3548 ἐλέχθησαν
787 3482 845 3534 δ’
854 3502 947 3543 ων,
978 3488 1055 3565 [et
1074 3486 1158 3547 VI,
1185 3485 1267 3546 43,
1296 3484 1540 3536 ἐνθαῦτα
1563 3486 1838 3553 μέγιστον
1861 3484 2066 3567 θῶιμα
2091 3482 2224 3553 ἐρέω
2249 3486 2401 3532 τοῖσι

258 3568 340 3632 μη
305 3545 865 3632 ηᾶποδεκομένοισι
896 3548 1093 3615 ‘main
1098 3570 1189 3612 ων,
1239 3555 1508 3620 Περσέων
1541 3555 1687 3601 τοῖσι
1737 3551 1878 3603 ἑπτὰ
1905 3548 2137 3603 Ὀτάνεα
2170 3567 2327 3619 γιωμ
2333 3566 2400 3613 ην

259 3613 682 3749 ἓποιέέξιιῖἶθὸαι,
709 3616 783 3675 ὡς
797 3617 983 3690 χρεὼν
1008 3623 1091 3685 εἴη
1118 3619 1608 3689 δημοκρατέεσθαι
1631 3620 1893 3689 Πέρσας].
1919 3647 1987 3656 -
2004 3619 2078 3668 Dc
2100 3620 2306 3683 reliquis
2332 3615 2395 3666 cf.

308 3701 401 3735 ero
622 3688 653 3735 6
696 3688 782 3737 87.

402 3753 489 3811 60)
519 3754 646 3820 Hes)
645 3756 736 3804 ch.
757 3750 834 3805 ‘H
832 3753 1048 3821 ρεσίὸες
1072 3750 1276 3820 κόραι
1302 3756 1362 3805 αἱ
1386 3750 1587 3822 λουτρὰ
1610 3754 1937 3822 κομίζουσαι
1966 3753 2032 3834 τῇ
2067 3751 2233 3834 ἻῙρᾳ.
2277 3750 2396 3799 Inde

260 3821 577 3870 iudicandum
606 3825 666 3871 de
694 3773 862 3889 Etym(²
892 3822 958 3874 Μ.
987 3839 1026 3873 S.
1054 3839 1102 3872 v.
1126 3820 1429 3888 ἸΙοεσΙδες,
1459 3825 1518 3872 αἱ
1544 3823 1740 3888 ἱέρειαι
1765 3824 1856 3884 τῆς
1889 3820 1947 3872 ἐν
1976 3805 2155 3887 Ἄργει
2196 3816 2391 3899 ‘'Hpac,

262 3882 382 3937 ἀπὸ
408 3890 507 3951 τῆς
538 3884 731 3957 Ἵίρας.
793 3891 934 3939 Adde
962 3889 1598 3957 Hesych.v.}1‹5n‹5l‹55‹;,
1644 3890 1846 3957 ἱέρειαί
1884 3903 2063 3942 τινες
2107 3880 2394 3952 ἐν”1(>γει

263 3949 612 4022 ἄδυῐῷιαῷ,
651 3959 732 4006 ubi
761 3958 1041 4007 Hemsterh.
1071 3959 1223 4007 scrib.
1251 3974 1295 4009 c.
1327 3956 1629 4024 Ἀρέσιὸες,
1667 3959 1792 4022 quod
1828 3955 2084 4019 adoptavit
2121 3954 2391 4029 Lob.Ag1.

263 4038 312 4088 p.
341 4024 458 4073 817.
507 4025 578 4073 De
604 4027 880 4087 virginibus
905 4021 1383 4093 λουτροφόροιςν.
1414 4026 1605 4075 Callim.
1640 4027 1689 4075 iu
1726 4026 1824 4074 lav.
1851 4023 2071 4073 Palladis
2113 4010 2175 4084 (ὦ
2201 4023 2394 4092 κῶριιι,

264 4093 612 4159 παρθενικαὶ
636 4091 838 4149 παῖδες
862 4098 975 4156 etc.)
1004 4110 1047 4143 c.
1076 4101 1201 4144 nott.
1230 4093 1532 4158 Spanhemii.

1890 4172 1958 4223 4*
