2867 4717
470 438 806 503 Beitrage
835 453 952 490 zur
977 435 1749 504 Religionsgeschichte
1775 437 1826 491 d.
1852 438 2293 494 AlterthumS.
2339 439 2447 496 279

1351 676 1416 727 V.

325 814 749 877 BEITRAEGE
817 813 967 875 ZUR
1031 811 1905 959 ΒΕΜΕῶἳΙΙῖῙΙῗῙΕΞΕΞΟΗΙΟΗΤΕ
1961 814 2102 875 DES
2161 815 2444 878 ALTER-
2521 794 2525 798 ⁴

889 1032 1198 1097 (Philologus
1223 1032 1244 1084 1
1269 1032 1471 1098 (1846),
1495 1034 1549 1084 s,
1576 1033 1884 1098 349—351.)

495 1274 540 1335 1.
601 1272 747 1333 Eine
773 1271 874 1331 ffir
901 1271 995 1332 die
1024 1276 1251 1350 spatere
1282 1270 1918 1348 Religionsgeschichte
1955 1272 2056 1333 des
2086 1271 2446 1333 Alterthums
2473 1292 2556 1334 ω

326 1358 493 1419 nicht
527 1357 878 1434 unwichfige
918 1355 1123 1427 Stelle‚
1175 1356 1267 1416 die
1306 1355 1401 1416 ich
1450 1364 1624 1415 sonst
1658 1356 1821 1417 nicht
1855 1357 2101 1418 benutzt
2135 1357 2446 1435 gemam,

326 1443 487 1504 steht
506 1442 568 1503 in
592 1442 705 1503 den
727 1442 886 1501 Actis
913 1442 972 1501 S.
998 1440 1060 1500 S.
1086 1459 1134 1500 z.
1160 1441 1319 1519 Sept.
1347 1440 1519 1500 Tom.
1541 1440 1637 1500 vll
1661 1443 1856 1516 (Antv.
1878 1442 2040 1504 1760
2056 1441 2205 1519 fol.)‚
2229 1460 2287 1520 p.
2304 1441 2450 1515 222,

328 1547 416 1588 wo
447 1528 578 1588 eine
603 1525 911 1587 Confessio
938 1525 998 1586 S.
1024 1525 1293 1604 Cypriani
1323 1524 1383 1585 in
1407 1524 1798 1603 griechischer
1822 1526 2083 1605 Sprache
2106 1526 2452 1605 mitgetheilt

326 1612 489 1685 wird‚
522 1610 736 1671 welche
758 1610 1106 1688 wenigstens
1130 1610 1270 1671 {lter
1293 1610 1377 1669 als
1402 1609 1749 1671 constantin
1771 1612 1865 1685 ist,
1895 1612 1965 1672 da
1989 1611 2177 1680 dieser
2201 1611 2450 1690 Cyprian

325 1657 572 1758 Biscl’mf
594 1714 712 1756 von
731 1695 1080 1757 Antiochien
1102 1713 1389 1774 gewesen‚
1420 1701 1597 1755 unter
1617 1695 1825 1756 Decius
1848 1696 2102 1774 geboren
2134 1697 2254 1757 und
2277 1703 2452 1758 unter

327 1780 604 1843 Claudius
629 1781 771 1842 oder
793 1780 1112 1841 Diocletian
1137 1782 1251 1841 den
1273 1780 1655 1858 Martyrertod
1680 1782 1914 1883 gelthen
1937 1781 2126 1841 haben
2150 1781 2276 1841 soll.
2337 1780 2451 1842 Der

325 1866 473 1926 Heili
515 1874 692 1968 esagt
712 1884 828 1925 von
848 1864 1013 1925 sich
997 1883 1060 1925 m
1081 1864 1246 1967 jener
1261 1864 1645 1925 Confessiou.
1663 1884 1745 1926 a.:
1783 1856 1949 1967 Ἐγω’
1974 1858 2114 1945 εἶμι
2134 1867 2449 1968 Κυπρια-

326 1946 436 2023 νδς
521 1944 597 2024 ἐξ
624 1874 960 2011 απαλῶν’
927 1944 1167 2026 ονύχων
1192 1940 1545 2022 ἀνατεθεὶς
1548 1951 1664 2053 τῷ
1686 1940 2064 2010 Λπολλωνι
2085 1944 2447 2053 κειμήλιον,

325 2031 650 2137 μυηθεὶς
666 2026 766 2095 ἔτι
792 2028 1059 2135 νήπιος
1106 2030 1223 2134 τήν
1269 2030 1387 2094 τοῦ
1405 2028 1792 2135 δράκοντος
1843 2027 2370 2138 δραματουργίαν
2378 2035 2448 2110 ⁸.)

336 2111 551 2179 Ἑπτὰ
574 2110 762 2181 οὔπω
785 2110 961 2221 ἤμην
984 2111 1202 2180 ἓτῶν”
1175 2111 1289 2179 ότε
1308 2113 1424 2179 καὶ
1445 2117 1586 2192 τοῖς
1605 2115 1723 2179 τοῦ
1744 2112 2032 2222 Μίθρου
2056 2114 2450 2222 προσῆλθον

326 2197 730 2307 μυστηρίοις,
763 2199 879 2264 καὶ
910 2195 999 2277 ὥς
1025 2195 1390 2285 Ἀθηναῖος
1412 2195 1800 2306 ἐπήλυτος3
1760 2196 1866 2279 ω’ν,
1897 2197 2034 2265 ὑπὸ
2057 2198 2133 2265 δὲ
2154 2206 2286 2264 τῶν
2308 2223 2446 2307 γεν·

326 2283 661 2369 νησάντων
688 2308 772 2365 με
803 2283 921 2349 διὰ
961 2285 1262 2391 σπουδῆς
1302 2283 1583 2389 πολίτης
1621 2282 1989 2391 γενόμενος,
2032 2280 2133 2350 ἔτι
2164 2278 2254 2348 ὧν
2288 2283 2448 2350 δέκα

329 2368 496 2434 ἐτῶν
518 2366 931 2476 ἕδρδούχησα
951 2375 1036 2455 τῇ
1053 2366 1383 2474 Δημήτρᾳ
1414 2368 1530 2434 καὶ
1557 2370 1673 2475 τῆς
1694 2367 1921 2456 Κόρης
1939 2369 2018 2433 τὸ
2039 2369 2269 2434 λευκὸν
2291 2367 2447 2435 πέν-

327 2455 524 2535 θοςῦ)
576 2452 903 2534 υπέμεινα
953 2452 1071 2518 καὶ
1119 2454 1254 2557 τῆς
1285 2451 1354 2518 ἐν
1402 2460 1487 2541 τῇ
1537 2449 1927 2560 ἀκροπόλει
1943 2452 2303 2532 Παλλάδος
2348 2454 2448 2561 τῷ

321 2536 647 2644 δράκοντι
688 2536 1154 2642 ἐλειτούργησα
1196 2533 1293 2615 εἷς
1329 2538 1689 2645 προκοπην
1724 2536 2046 2641 νεωκόρου
2093 2536 2446 2616 καταστάς.

321 2618 667 2729 Ἐγενόμην
709 2619 828 2687 καὶ
857 2620 925 2686 ἐν
951 2623 1046 2708 τῷ
1085 2617 1482 2728 Ὀλυμπίῳ)
1459 2619 1626 2731 όρει,
1668 2624 1797 2688 τῶν
1825 2625 2008 2688 θεῶν
2037 2648 2127 2701 ως
2154 2621 2449 2729 λέγουσιν

328 2702 715 2814 οἶκητηρίῳ,
755 2705 873 2771 καὶ
894 2702 1275 2813 Α,ι’ἓμυηᾍθην’
1249 2703 1448 2794 η’χους
1487 2708 1769 2788 ομιλιῶν
1778 2715 1825 2787 0)
1868 2707 1983 2772 καὶ
2018 2706 2274 2809 ψόφων
2295 2704 2449 2794 διή-

326 2812 534 2897 γησιν.
582 2783 763 2856 εἶδον
783 2789 923 2856 ἐκεῖ
943 2790 1371 2897 φανταζοντα
1390 2790 1653 2875 πρέμνα
1680 2789 1797 2855 καὶ
1824 2788 2004 2868 πόας
2030 2790 2306 2875 ἐνεργεῖν
2337 2794 2450 2857 δο-

325 2874 573 2953 κούσας
611 2876 793 2941 θεῶν
822 2872 1251 2952 ἒπισκοπαῖς.
1312 2867 1492 2940 εἶδον
1521 2873 1657 2940 ἐκεῖ
1689 2872 1871 2961 ὡρῶν
1902 2876 2221 2955 διαδοχάς
2249 2897 2448 2942 πνευ·

325 2958 552 3042 μάτων
578 2955 1156 3036 ὖπαλλασσόντων,
1187 2958 1301 3024 καὶ
1329 2956 1587 3066 ἡμερῶν
1600 2956 2130 3067 διαφορότητα(
2093 2958 2230 3025 υπό
2251 2982 2449 3025 τινων

327 3042 722 3150 ἐνεργειῶν
689 3039 999 3110 εναντίων
1021 3043 1523 3149 συνισταμένων.
1571 3036 1807 3110 εἶδον’
1775 3048 1913 3110 εκεῖ
1937 3068 2172 3148 χορους
2203 3043 2448 3128 δαιμό-

324 3152 452 3192 νων
499 3125 869 3235 υμνούντων
918 3129 1034 3194 καὶ
1086 3125 1299 3193 άλλων
1348 3127 1850 3233 πολεμούντων
1859 3153 1978 3194 και
2029 3125 2303 3230 ετέρωνΝ
2315 3127 2446 3195 ἐνε-

327 3212 715 3313 δρευόντων,
759 3209 1168 3278 ἀπατώντων
1197 3211 1627 3320 συγχεόντων,
1667 3211 1785 3278 καὶ
1822 3208 2103 3279 εκάστου
2131 3214 2303 3279 θεοῦ
2330 3212 2451 3280 καὶ

328 3299 498 3375 θεᾶς
527 3296 921 3403 ἐθεασάμην
955 3295 1092 3362 ἐκεῖ
1125 3297 1242 3403 τήν
1269 3296 1606 3382 φάλαγγα,
1647 3296 1876 3404 μείνας
1916 3292 2165 3363 αυτόθι
2200 3295 2292 3385 ἦμ
2296 3296 2449 3408 έρας

325 3379 843 3490 τεσσαράκοντα·
889 3377 1148 3447 ὁπόθεν
1189 3406 1279 3458 ως
1316 3380 1389 3448 ἐκ
1420 3378 1780 3465 βασιλείων
1810 3378 2336 3449 ἀποστέλλονται
2363 3383 2450 3449 τὰ

324 3466 687 3571 πνεύματα,
718 3465 1044 3571 ένεργεῖν“
1019 3463 1295 3531 ε’καστον
1318 3461 1531 3531 αὐτῶν
1554 3464 1622 3532 ἐν
1638 3467 1730 3573 τῇ
1761 3472 1843 3554 γῇ
1866 3467 1980 3532 καὶ
2011 3465 2080 3532 ἐν
2107 3470 2286 3533 πᾶσι
2305 3472 2450 3547 τοῖς

325 3546 575 3656 ε’θνεσι.
628 3550 745 3616 καὶ
776 3549 1152 3655 ἐσιτούμην
1191 3547 1525 3659 ἀκρόδρυα
1564 3550 1767 3635 μόνον
1805 3551 1972 3634 μετὰ
2011 3551 2199 3618 δύσιν
2235 3548 2447 3660 ηλίου,

323 3658 443 3699 και
475 3636 572 3734 δη
628 3629 720 3698 ὢν
770 3630 872 3699 ἔτι
915 3634 1081 3700 ἐτῶν
1119 3638 1597 3701 πεντεκαιδεκα
1643 3634 1973 3737 ἐμυούμην
2008 3660 2126 3742 την
2164 3633 2447 3704 εκάστου

326 3714 540 3783 αὐτῶν
584 3716 911 3823 ἐνέργειαν
952 3715 1090 3784 ὑπὸ
1131 3744 1261 3784 των
1316 3716 1489 3785 επτοὶ
1543 3716 1969 3827 ιεροφαντῶν·
2023 3719 2170 3786 λίαν
2214 3721 2336 3828 γὰρ
2381 3715 2449 3786 οἱ

324 3801 481 3909 ἐμοὶ
523 3809 732 3908 γονεῖς
760 3799 1082 3868 ε’σπευδόν
1108 3828 1192 3887 με
1215 3802 1596 3911 ἐπιγνωναι
1622 3807 1705 3870 τὰ
1737 3807 1878 3892 γῆς,
1882 3801 2113 3912 ἀέρος
2148 3804 2266 3871 καὶ
2309 3810 2447 3871 θα-

322 3885 588 3993 λάσσης,
623 3883 699 3953 οὐ
723 3884 928 3970 μόνον
953 3887 1037 3951 τοὶ
1068 3888 1235 3952 κατὰ
1260 3887 1462 3993 φύσιν
1483 3896 1790 3998 φθορᾶς
1783 3889 1900 3956 καὶ
1923 3889 2230 3974 γενέσεως
2259 3890 2449 3957 ποῶν

324 3994 442 4036 και
472 3972 771 4080 πρέμνων
800 3971 917 4037 καὶ
948 3972 1297 4054 σωμάτων,
1341 3969 1509 4039 ἀλλα
1538 3999 1653 4041 και
1684 3976 1852 4058 (τὰς)
1886 3972 1953 4039 ἐν
1983 3976 2195 4040 πᾶσιν
2224 3971 2447 4056 αὐτοῖς

328 4053 666 4143 ἐνεργείας,
699 4052 846 4136 ἃςζ
812 4081 848 4123 ο
883 4052 1097 4143 άρχων
1124 4058 1242 4123 τοῦ
1271 4054 1507 4137 αἰῶνος
1532 4058 1765 4126 τούτου
1794 4056 2229 4141 ἑνετύπωσεν,
2260 4058 2446 4127 ἐναν·
