2867 4717
1005 390 1088 440 De
1124 389 1429 457 Aeschyli
1464 390 1700 442 Persis.
2337 393 2400 443 19

281 554 465 618 etiam
492 555 692 620 Persis
721 556 861 619 Asia
888 555 1022 620 data
1049 563 1187 619 erat.
1242 556 1471 632 Quibus
1491 557 1807 622 laetissima
1834 577 1869 620 a
1889 557 2000 620 diis
2021 575 2218 624 rerum
2238 557 2403 621 domi

280 647 349 702 et
384 639 530 703 foris
574 643 961 722 gerendarum
1011 641 1366 705 incrementa
1420 662 1719 724 concessa,
1773 644 2053 724 quamdiu
2091 635 2400 730 εὔφρονες

281 725 471 787 futuri
501 725 842 807 essent⁶⁰)‚
889 747 1067 808 seque
1094 728 1248 790 inter
1274 730 1493 802 fataleS,
1535 730 1633 809 qui
1661 730 1809 810 ipsis
1839 730 2019 810 positi
2059 738 2242 804 erant,
2279 737 2399 792 ter-
2427 749 2480 790 aa

281 811 487 873 minos
519 814 906 875 continerent.
965 814 1177 875 Verum
1211 814 1454 895 jamjam
1497 814 1676 876 nimis
1716 833 1964 895 magnus
1996 816 2236 877 evadere
2265 834 2401 877 coe-

280 896 375 976 pit
406 888 446 958 ὁ
491 888 732 979 ἷίλρὀς6
752 902 806 977 1)
832 898 1175 974 Persarum,
1193 899 1337 961 adeo
1356 900 1618 979 'magnus
1650 907 1715 962 ut
1734 900 2059 980 primitivae
2080 900 2162 961 illi
2184 920 2405 981 aequa-

279 981 434 1043 litati
463 984 786 1045 cavendum
816 990 989 1045 esset.
1046 984 1534 1065 Expergefactum
1565 992 1657 1047 est
1683 985 1860 1065 igitur
1887 982 1965 1049 τό
1999 984 2191 1050 θεῖον
2218 986 2404 1072 ‹pilo-—

280 1060 489 1150 νερόν,
534 1068 643 1144 illa,
674 1088 825 1150 quae
857 1069 1086 1145 dicitur,
1126 1070 1375 1131 deorum
1421 1070 1652 1144 invidia,
1694 1090 1842 1151 quae
1879 1071 2206 1151 generalem
2244 1071 2403 1133 illam

278 1152 411 1231 lege
462 1152 652 1215 divina
706 1155 990 1216 sancitam
1030 1156 1429 1235 aequalitatem
1460 1156 1627 1219 anxie
1664 1162 1876 1234 tuetur,
1915 1156 2044 1237 ipsa
2082 1157 2404 1219 necessitas

283 1237 482 1299 divina
512 1239 754 1302 sollicita
786 1246 844 1301 et
870 1239 1157 1303 invidiosa
1195 1248 1440 1322 propter
1479 1260 1603 1315 eoS,
1647 1240 1745 1321 qui
1782 1242 1973 1322 ipsam
2013 1242 2305 1315 excedere,
2349 1249 2408 1302 et

285 1340 472 1404 supra
500 1323 690 1404 ipsam
722 1324 1026 1406 superbire
1057 1317 1291 1409 (ὕβρις)
1323 1326 1514 1400 velint,
1547 1332 1603 1387 et
1630 1326 1709 1388 ita
1738 1346 1877 1408 prae
1905 1326 2016 1396 illis
2040 1327 2149 1388 sibi
2174 1345 2402 1400 cavenS,

281 1414 353 1469 ut
379 1408 463 1469 illi
490 1410 829 1488 perdantur,
859 1410 988 1491 ipsa
1021 1418 1415 1472 conservetur.
1467 1411 1651 1490 Igitur
1677 1431 1708 1471 e
1729 1413 2026 1473 benevolis
2057 1430 2215 1473 nunc
2241 1412 2405 1474 falla—

284 1512 385 1555 ces
438 1492 574 1555 facti
615 1502 756 1556 sunt
795 1495 890 1556 dii.
950 1495 1195 1576 Jamjam
1244 1494 1702 1557 benevolentiam
1745 1496 1943 1558 Persis
1993 1496 2407 1573 simularem),

268 1577 535 1640 blandiri
584 1579 677 1652 iis,
730 1599 950 1660 eosque
1002 1580 1074 1641 ad
1124 1588 1377 1642 extrema
1416 1600 1677 1662 quaeque
1717 1581 1986 1644 fortunae
2023 1582 2276 1662 pericula
2312 1580 2403 1642 fa-

285 1663 494 1725 cienda
530 1664 912 1739 incitare63).
984 1664 1256 1726 Sentiunt
1293 1666 1408 1727 hoc
1448 1684 1620 1727 senes
1662 1667 1878 1729 chorici
1918 1675 1975 1729 et
2014 1669 2246 1741 Atossa,
2300 1666 2403 1728 sed
2429 1691 2483 1731 40

285 1767 448 1822 sero,
478 1749 579 1810 ubi
607 1750 825 1811 Xerxes
849 1749 969 1829 jam
999 1769 1241 1830 peregre
1271 1758 1361 1811 est
1388 1751 1459 1812 ad
1490 1751 1569 1824 id,
1600 1753 1757 1831 quod
1787 1752 1951 1814 nefas
1975 1760 2099 1815 erat
2122 1753 2267 1826 fieri,
2297 1771 2404 1813 ex-

284 1835 654 1913 sequendum
685 1834 1051 1896 miserabilis.
1113 1836 1401 1915 Suspensi
1429 1835 1662 1897 interim
1693 1844 1833 1898 sunt
1854 1855 2078 1911 eorum,
2108 1838 2205 1917 qui
2237 1836 2405 1897 Susis

283 1938 417 1980 rem
444 1927 640 1999 agunt,
673 1919 868 1994 animi,
905 1925 964 1981 et
992 1919 1214 1981 incitati
1237 1920 1308 1981 ab
1324 1920 1395 1980 iis
1420 1939 1725 1983 sermones
1748 1928 2103 2001 sparguntur
2122 1924 2146 1962 6
2163 1924 2240 1997 4).
2286 1922 2404 1981 Ex-

284 2011 542 2066 tremam
573 2005 861 2084 quandam
895 2005 1239 2066 anxietatem
1270 2012 1445 2084 atque
1475 2006 1922 2067 sollicitudinem
1951 2025 2095 2086 prae
2124 2024 2189 2067 se
2209 2006 2407 2067 ferunt

286 2107 669 2169 quaecunque
707 2097 763 2151 et
803 2090 1077 2151 dicuntur
1106 2097 1163 2151 et
1202 2096 1469 2169 aguntur.
1541 2089 1763 2153 Crescit
1799 2097 2013 2165 metuS,
2054 2092 2151 2152 ubi
2191 2092 2405 2153 Atossa

283 2174 513 2235 introit.
573 2175 818 2255 Jamjam
853 2175 1158 2236 manifesta
1189 2174 1333 2249 fieri,
1363 2182 1423 2236 et
1450 2182 1728 2255 tanquam
1766 2177 1830 2238 in
1859 2178 2055 2256 aprico
2085 2177 2229 2256 poni
2260 2195 2406 2255 quae

284 2259 529 2320 instant.
589 2260 694 2320 Vix
723 2259 1024 2320 somnium
1065 2259 1204 2321 illud
1245 2267 1304 2321 et
1339 2267 1697 2340 portentum,
1742 2261 1902 2340 quod
1939 2262 2185 2322 Atossae
2223 2261 2403 2322 modo

284 2344 599 2419 acciderat,
628 2345 961 2407 enarratum
995 2352 1102 2415 est,
1132 2362 1204 2405 en
1227 2346 1497 2406 nuntium
1518 2344 1681 2408 mali!
1712 2379 1796 2390 -—-
1826 2338 1915 2419 ὥς
1937 2339 2005 2407 ἐν
2032 2338 2156 2429 μία
2185 2342 2406 2429 πληγῇ

287 2424 760 2532 κατέφθαρται
815 2424 1022 2503 maog
1071 2420 1298 2509 ὄλβος,
1363 2425 1443 2492 τὸ
1497 2426 1771 2515 Περσῶν
1830 2421 2096 2504 δ’ὄῖνθος
2150 2422 2404 2506 οἴχεται

286 2532 521 2576 πεσον.
553 2549 636 2560 -
663 2514 880 2576 Deinde
908 2532 1106 2575 manes
1136 2514 1292 2576 Darii
1323 2514 1394 2576 ab
1416 2514 1618 2577 inferis
1641 2523 1971 2590 evocantur,
2000 2516 2245 2576 salutem
2266 2514 2403 2576 alla-

286 2599 430 2660 turi.
514 2599 830 2661 Adscendit
867 2618 937 2660 ex
976 2599 1129 2661 Orco
1161 2600 1351 2679 Magni
1381 2600 1557 2679 Regis
1587 2602 1815 2674 umbra,
1858 2600 2050 2678 regiae
2089 2600 2402 2661 divinitatis

285 2682 621 2762 insignibus
656 2692 880 2756 ornata,
919 2683 1346 2764 tranquillaque
1387 2685 1661 2763 gravitate
1703 2692 2045 2765 praesentes
2096 2684 2406 2763 alloquitur

287 2767 396 2829 fati
425 2768 645 2829 aeterni
674 2770 963 2848 interpres
1005 2769 1251 2831 divinus.
1311 2768 1573 2848 Denique
1611 2770 1794 2831 redux
1830 2770 2073 2842 XerxeS,
2112 2768 2312 2829 habitu
2351 2778 2409 2829 et

285 2853 528 2915 fortuna
556 2854 786 2915 foeduS.
827 2854 1183 2933 ‚Ingentibus
1215 2853 1463 2934 querelis
1502 2861 1560 2915 et
1586 2853 1992 2934 ejulationibus
2021 2852 2169 2915 fusis
2198 2853 2406 2932 lugen-

287 2945 411 3000 tem
439 2940 702 3018 lugentes
733 2939 806 3000 ad
836 2939 1008 3000 aedes
1036 2938 1224 3018 regias
1254 2938 1551 3000 deducunt
1577 2938 1827 3001 Xerxem
1858 2957 2048 3001 senes,

430 3172 515 3237 60)
545 3173 661 3224 772.
688 3171 829 3227 θεὸν
850 3169 962 3243 γὰρ
989 3171 1091 3227 οὐκ
1112 3169 1360 3258 ἤχθηρεν
1383 3171 1458 3233 ὥς
1481 3168 1703 3244 εὔφρων
1725 3172 1847 3245 ἔφυ.

430 3242 515 3303 61)
549 3240 644 3291 160
679 3258 754 3308 sq.
791 3240 1040 3306 δέδοικα,
1071 3262 1151 3313 μη
1183 3246 1362 3314 μέγας
1404 3243 1646 3300 πλοῦτος
1685 3245 1914 3301 κονίσας
1948 3236 2121 3301 οὖδας
2153 3242 2405 3313 ἄντρέψη

291 3306 438 3360 ποδὶ
457 3301 640 3374 ὄλβον,
666 3304 732 3362 ὃν
754 3311 996 3378 Δαρεῖος
1017 3305 1152 3394 ἦρεν
1175 3308 1275 3363 οὐκ
1297 3309 1430 3365 ἄνευ
1451 3311 1604 3364 θεῶν
1624 3307 1790 3368 τινός.
2377 3300 2390 3316 “

432 3375 518 3439 62)
546 3373 854 3446 δολόμητιν
871 3373 1153 3432 δ’ἆπαταν
1169 3381 1310 3432 θεοῦ
1331 3382 1412 3438 τὶς
1429 3376 1571 3449 α’νὴρ
1588 3376 1799 3435 θνατὸς
1823 3374 2007 3439 ἀλύξει
2023 3406 2094 3417 -
2110 3375 2409 3450 φιλόφρων

289 3439 405 3563 {39
437 3447 714 3563 σαίνὲουοῖα
747 3443 812 3529 τό
846 3448 1071 3573 πρὲὄέον
1104 3443 1351 3531 παράγει
1381 3445 1586 3519 βροτὸν
1619 3448 1695 3505 εἷς
1729 3442 2062 3516 ἀρκύστατα,
2103 3444 2275 3501 τόθεν
2310 3442 2410 3499 οὐκ

362 3527 555 3564 τινυπ
688 3528 1115 3565 νατοναυατ
1226 3534 1256 3566 υ
1325 3536 1396 3567 ι.

432 3579 517 3643 63)
542 3530 757 3633 θεόθεν
772 3577 909 3631 κατὰ
931 3531 1391 3655 μοῖέἐῖρίέτζιεϊειν
1407 3577 1471 3633 τὸ
1493 3577 1751 3642 παλαιὸν,
1776 3580 2064 3650 ἐπέσκηψε
2083 3580 2146 3633 δὲ
2165 3584 2413 3652 Πέρσαις

293 3646 583 3716 πολέμους
614 3644 833 3717 &gasaw
865 3656 961 3700 etc.
997 3676 1066 3688 —
1094 3650 1252 3715 Igitur
1283 3653 1535 3716 ingentem
1567 3651 1703 3700 illam
1735 3650 1981 3701 bellorum
2017 3658 2157 3702 terra
2189 3651 2410 3717 marique

292 3722 553 3779 gestorum
578 3717 775 3778 molem,
801 3718 1044 3781 turribuS,
1069 3719 1273 3769 urbibus
1299 3720 1497 3782 dirutis,
1520 3717 1752 3783 moeniiS,
1775 3719 1933 3784 aquiS,
1966 3719 2176 3769 navibus
2210 3719 2413 3784 conspi-

294 3798 437 3833 cuam
461 3783 582 3832 mali
603 3783 676 3833 illi
696 3785 979 3849 daemones,
1000 3786 1083 3852 qui
1103 3786 1273 3838 Persis
1292 3785 1463 3838 infesti
1482 3794 1642 3850 erant,
1667 3787 2090 3838 machinabantur.
2138 3782 2413 3857 ἀλάστωρ,

296 3845 536 3919 στυγνὸς
560 3849 799 3920 δαίμων,
825 3848 996 3910 κακὸς
1013 3852 1253 3923 δαίμων,
1288 3849 1531 3911 παλαιὸς
1554 3852 1791 3923 δαίμων,
1807 3850 2171 3920 ’δυςπόνητος
2192 3851 2415 3921 δαίμων

295 3926 396 3969 eet.
444 3918 550 3969 Eos
575 3925 684 3969 tota
702 3917 871 3971 fabula
894 3922 1106 3973 redolet.

328 4053 360 4103 b
433 3985 653 4104 64)t}}l¹oc
675 3995 838 4039 metro
864 3990 1030 4053 etiam,
1054 3991 1179 4041 mira
1201 3998 1314 4043 arte
1331 3990 1556 4043 moribus
1575 3992 1961 4057 accommodato,
1986 4003 2279 4055 expressum
2300 4006 2413 4041 esse

297 4069 325 4103 o
362 4067 514 4106 serva
609 4070 730 4106 erm.
2336 4069 2345 4077 '

1949 4141 2014 4191 2..

436 4189 463 4205 fi
