2867 4717
439 439 511 494 54
1254 435 1349 491 De
1385 436 1745 492 Hellanico

610 596 726 668 Qui
755 601 890 654 ante
918 594 1279 655 Hellanicum
1310 593 1748 655 commentariis
1777 591 1888 654 illis
1917 593 2265 671 Argivorum
2298 610 2443 653 usus
2474 593 2567 665 sit,

349 699 405 742 aa
444 680 665 742 scimus
696 680 1144 754 neminem⁶⁵);
1184 696 1319 738 nam
1360 680 1517 757 quod
1549 677 1962 739 existimaverit
1989 677 2310 756 quispiam,
2356 694 2565 738 aeneas

436 765 686 836 tabulaS,
718 783 788 824 ex
814 764 1026 843 quibus
1043 763 1376 824 Acusilaum
1402 764 1770 842 genealogias
1795 781 1932 823 suas
1957 762 2320 842 expressisse
2347 762 2564 834 ferunt,

437 850 645 910 eodem
670 850 1027 911 revocandas
1062 867 1212 920 esse,
1237 847 1414 909 nimis
1440 849 1612 909 dubia
1636 848 1788 908 illius
1815 847 2120 926 scriptoris
2145 847 2432 907 memoria
2456 853 2564 907 est.

435 935 637 1013 Neque
677 933 749 994 de
793 935 1020 1013 Hippye
1069 933 1364 1009 Rhegino‚
1407 951 1581 1012 quem
1621 931 1912 993 Chronica
1953 932 2268 1010 scripsisse
2305 931 2566 1009 primum

438 1019 706 1081 omnium
738 1019 1065 1096 perhibent,
1098 1017 1240 1077 satis
1271 1018 1331 1077 in
1364 1024 1648 1096 promptu
1677 1017 1904 1095 estssss).
1958 1016 2073 1077 Sed
2106 1016 2397 1077 similibus
2425 1016 2567 1076 fon-

436 1103 595 1175 tibus
626 1102 686 1162 in
718 1102 894 1163 simili
927 1120 1106 1181 opere
1135 1108 1267 1162 ante
1288 1102 1648 1163 Hellanicum
1681 1120 1829 1161 usus
1861 1108 1985 1162 erat
2015 1100 2248 1161 Charon
2278 1101 2565 1179 Lampsa-

437 1205 641 1257 cenuS‚
672 1186 734 1246 in
764 1206 943 1265 opere
972 1180 1327 1266 πρυτάνεις
1353 1184 1486 1246 τῶν
1513 1178 2080 1263 Λακεδαιμονίων
2110 1185 2414 1263 inscripto.
2480 1185 2567 1245 Ex

437 1270 871 1344 Alexandrinis,
920 1271 1019 1350 qui
1065 1272 1257 1332 studia
1306 1278 1644 1350 temporum
1693 1270 2213 1330 describendorum
2260 1268 2568 1348 insigniter

442 1356 767 1427 coluerunt,
809 1357 926 1416 hoc
963 1355 1097 1416 loco
1130 1356 1437 1416 nominare
1485 1356 1752 1415 attinebit
1789 1353 2105 1415 Chironem
2150 1354 2565 1425 Naucratitam,

441 1440 540 1539 qui
579 1441 900 1519 scripserat
938 1435 1094 1520 περὶ
1136 1437 1266 1500 τῶν
1309 1434 1379 1501 ἐν
1422 1431 1885 1522 Ἀλεξανδρείᾳ
1939 1433 2056 1500 καὶ
2109 1432 2177 1499 ἒν
2219 1431 2564 1519 Αἰγύπτῳ

443 1518 669 1605 ιερέων
712 1520 828 1586 καὶ
869 1525 989 1606 τῆς
1044 1521 1363 1608 διαδοχῆς
1417 1516 1638 1585 αὐτῶν
1690 1518 1807 1584 καὶ
1851 1519 2012 1606 περὶ
2061 1519 2195 1584 τῶν
2237 1517 2360 1593 ἐπὶ
2411 1513 2568 1584 ἑκά-

442 1624 603 1670 στου
647 1604 1103 1689 πραχθέντων.
1906 1616 1909 1617 ’

611 1693 697 1753 Ex
727 1712 907 1772 opere
937 1693 1213 1753 Hellanici
1245 1694 1497 1753 citantur
1523 1692 1653 1753 libri
1682 1699 1831 1763 tres»,
1872 1690 2026 1752 unde
2062 1691 2352 1752 refutatur
2395 1691 2566 1752 Stur-

440 1777 585 1851 ziuS,
616 1778 715 1857 qui
744 1777 1093 1839 Sacerdotes
1124 1778 1279 1838 idem
1311 1796 1465 1857 opus
1489 1786 1660 1856 atque
1682 1775 2085 1838 Phoronidem
2114 1775 2298 1836 fuisse
2320 1775 2565 1854 putavit,

580 1964 666 2025 65)
692 1964 837 2030 Quod
857 1967 1143 2017 Creuzerus
1168 1968 1361 2027 scribit,
1389 1969 1450 2017 de
1475 1974 1587 2017 arte
1613 1967 1854 2016 historica
1873 1964 1962 2015 Gr.
1988 1980 2037 2031 p.
2059 1964 2153 2015 83.-
2176 1965 2375 2014 Friiher
2392 1966 2564 2015 hatten

444 2032 598 2081 sehon
623 2033 812 2100 Hippys
838 2037 936 2084 und
961 2035 1255 2098 Theogenes
1280 2052 1376 2085 von
1406 2034 1629 2098 Rhegion
1654 2029 1980 2102 ἀναγραφαὶ
1997 2034 2169 2083 dieser
2186 2032 2566 2082 Priesterinnen

443 2101 542 2148 und
570 2101 662 2149 der
687 2101 916 2152 Priester
939 2118 1036 2152 von
1063 2102 1253 2169 Sikyon
1274 2100 1528 2166 geliefert,
1553 2100 1711 2151 falsus
1732 2110 1813 2151 est
1831 2103 1912 2150 vir
1930 2102 2265 2164 doctissimuS‚
2291 2116 2452 2166 neque
2474 2102 2567 2149 hoc

444 2167 591 2229 dicit,
630 2182 772 2231 quem
806 2175 989 2219 testem
1022 2171 1276 2235 producit,
1310 2170 1538 2235 Heynius
1573 2171 1623 2218 in
1660 2169 1993 2234 Apollodoro,
2028 2175 2168 2217 certe
2205 2183 2301 2217 nou
2329 2168 2375 2216 in
2405 2168 2565 2216 hisce:

442 2234 643 2298 „Fuere
669 2237 821 2284 etiam
847 2238 930 2300 qui
964 2238 1198 2287 chronica
1238 2239 1550 2299 attingerent
1584 2238 1731 2301 inque
1765 2236 1937 2300 primis
1979 2235 2275 2297 Theogenes
2311 2234 2567 2298 Rheginus

442 2302 578 2350 circa
602 2301 865 2368 Cambysis
890 2310 1132 2369 tempora,
1168 2311 1271 2354 tum
1306 2305 1497 2371 Hippys
1524 2303 1799 2366 Rheginus:
1835 2301 1979 2352 fuere
2016 2304 2099 2367 qui
2125 2300 2462 2370 ἀναγραφὰς
2483 2318 2569 2352 sa-

445 2369 701 2418 cerdotum
728 2370 1028 2433 Argivarum
1054 2380 1106 2422 et
1130 2373 1483 2439 Sicyoniorum
1518 2373 1706 2435 scripto
1742 2369 2276 2435 comprehenderent.“
2331 2370 2569 2420 Ceterum

443 2434 760 2499 Theogenem
785 2440 913 2504 quod
941 2441 1074 2488 inter
1098 2441 1503 2504 chronographos
1528 2445 1815 2502 numerant,
1848 2453 1996 2487 error
2020 2444 2100 2486 est
2123 2437 2185 2486 ab
2209 2443 2417 2486 auctore
2441 2453 2570 2487 ano-

443 2519 592 2569 nymo
618 2504 714 2567 τῆς
730 2500 1129 2573 Ὀλυμπιάδων
1152 2503 1482 2574 ἀναγραφῆς
1504 2513 1810 2572 propagatus
1826 2543 1839 2568 ,
1878 2520 2021 2571 quem
2056 2520 2185 2553 nunc
2209 2512 2411 2554 constat
2435 2506 2571 2554 inter

444 2586 617 2619 omnes
642 2587 756 2621 esse
782 2573 1110 2636 scaligerum,
1136 2590 1183 2624 v.
1211 2573 1458 2623 Thesaur.
1487 2582 1667 2639 tempp.
1695 2589 1743 2638 p.
1770 2571 2081 2635 3173‘clint.
2109 2572 2166 2623 F.
2189 2572 2246 2621 H.
2267 2571 2326 2636 11,
2345 2588 2568 2637 prooem.

443 2654 493 2703 p.
519 2637 698 2700 XXV3
726 2640 940 2691 Boeckh.
967 2643 1028 2690 de
1055 2641 1349 2690 Philochoro
1375 2657 1422 2706 p.
1451 2641 1535 2691 22.

581 2705 665 2770 66)
687 2707 825 2757 Suid.
849 2725 898 2759 v.
927 2703 1284 2766 Ἀκουσίλαος
1305 2737 1374 2745 -
1399 2706 1614 2777 ἔγραψε
1630 2706 1987 2774 γενεαλογίας
2010 2705 2070 2757 ἐκ
2093 2705 2303 2757 δέλτων
2317 2708 2567 2773 χαλκῶν,

445 2767 510 2829 ἃς
543 2767 709 2841 λόγος
732 2771 912 2844 εὑρεῖν
934 2777 1034 2827 τὸν
1053 2776 1269 2845 πατέρα
1296 2771 1467 2826 αὐτοῦ
1492 2768 1761 2843 ὀρύξαντά
1786 2789 1912 2824 τινα
1935 2769 2118 2825 τόπον
2139 2774 2236 2837 τῆς
2261 2777 2443 2830 οἰκίας
2465 2770 2570 2824 αὐ-

445 2841 560 2890 τοῦ.
606 2840 943 2907 Genealogiae
968 2846 1097 2894 istae
1122 2846 1337 2894 maxime
1362 2845 1584 2907 Argivae
1605 2850 1768 2905 erant,
1796 2857 1955 2908 neque
1977 2858 2072 2890 non
2093 2850 2573 2893 commemoraverat

446 2910 507 2958 de
533 2911 880 2960 sacerdotibus
906 2919 959 2960 et
981 2914 1313 2960 monumentis
1337 2910 1556 2972 Iunonis,
1593 2909 1657 2960 cf.
1684 2910 1915 2975 Apollod.
1942 2907 2014 2971 11,
2045 2909 2098 2974 1,
2121 2909 2182 2968 33
2212 2908 2257 2974 2,
2284 2908 2332 2959 2.
2377 2910 2476 2959 Sed
2502 2909 2569 2960 cf.

446 2975 583 3025 Suid.
612 2992 659 3025 v.
681 2972 990 3034 Ἑκαταῖος·
1027 3004 1098 3014 —-
1128 2974 1196 3028 τὰ
1222 2976 1340 3046 ,γὰρ
1380 2973 1742 3028 Ἀκουσιλάου
1773 2972 2083 3028 νοθεύεται.
2156 2975 2246 3025 Cui
2278 2978 2570 3027 testimonio

448 3043 646 3092 etiamsi
671 3060 766 3093 non
794 3052 984 3094 tantum
1004 3045 1283 3105 tribuerim,
1308 3054 1365 3095 ut
1384 3046 1570 3094 nullam
1590 3060 1761 3093 eorum
1786 3043 1931 3093 fidem
1952 3042 2109 3093 fuisse
2127 3044 2364 3107 arbitrer,
2389 3046 2569 3110 quibus

448 3110 539 3159 sub
566 3112 763 3161 nomine
788 3114 1015 3163 Acusilai
1039 3129 1160 3162 usus
1187 3119 1268 3161 est
1291 3112 1646 3178 Apollodorus,
1671 3118 1835 3160 tamen
1863 3126 1988 3175 quae
2013 3113 2074 3160 de
2099 3112 2284 3161 tabulis
2321 3112 2424 3161 illis
2460 3128 2568 3161 me-

445 3179 633 3228 tallicis
659 3186 953 3243 narrantur,
986 3181 1162 3244 quibus
1195 3181 1501 3244 aliquantum
1535 3179 1712 3228 tribuit
1742 3177 1968 3228 Nitzsch.
2025 3178 2154 3228 Hist.
2182 3179 2321 3228 Hom.
2346 3178 2384 3242 l,
2409 3196 2458 3244 p.
2485 3179 2568 3243 73,

446 3247 778 3311 suspicionem
806 3256 945 3297 recte
970 3255 1236 3297 moverunt
1263 3247 1539 3297 Welckero
1564 3245 1703 3312 Cycl.
1726 3261 1804 3310 ep.
1839 3261 1886 3310 p.
1919 3246 2007 3296 161
2039 3254 2090 3296 et
2117 3247 2403 3296 Bernhardo
2428 3248 2569 3298 Suid.

445 3311 484 3375 1,
508 3314 550 3378 1,
577 3329 625 3378 p.
649 3314 762 3363 173.
789 3314 979 3381 Hippys
1005 3314 1258 3377 Rheginus
1283 3316 1416 3364 vixit
1450 3311 1587 3364 κατὰ
1614 3314 1728 3364 τῶν
1751 3314 2049 3382 Περσικῶν
2073 3320 2127 3363 et
2148 3315 2336 3379 primus
2361 3316 2570 3379 scripsit

447 3381 508 3429 de
530 3381 681 3430 rebus
708 3381 893 3432 Siculis
917 3387 970 3432 et
995 3382 1198 3444 Italicis,
1228 3389 1361 3432 teste
1383 3383 1554 3431 Suida.
1611 3382 1856 3432 Chronica
1892 3382 2000 3431 eius
2033 3382 2256 3431 citantur
2288 3382 2350 3431 ab
2375 3381 2575 3432 Zenob:

445 3447 602 3510 Adag.
626 3447 707 3512 ΙΙΙ,
733 3448 815 3513 42,
839 3450 971 3511 aliiS,
996 3466 1045 3499 v.
1071 3450 1221 3500 Voss.
1249 3452 1310 3499 de
1331 3452 1444 3500 bist.
1475 3449 1562 3499 Gr.
1582 3465 1626 3514 p.
1649 3448 1713 3497 20
1734 3447 2009 3499 Westerm.
2037 3449 2269 3499 Attamen
2291 3447 2495 3499 difficile
2517 3451 2566 3499 in

448 3530 508 3564 eo
535 3516 844 3578 distinguere
870 3532 997 3580 quae
1022 3519 1210 3581 antiqui
1237 3518 1465 3567 historici
1491 3533 1605 3566 esse
1628 3517 1906 3577 videantur,
1933 3532 2059 3581 quae
2081 3518 2416 3566 recentiorum
2442 3518 2569 3567 scri-

446 3589 671 3647 ptorum,
698 3584 920 3649 Hippiae,
949 3585 1206 3650 HipponiS,
1230 3586 1462 3645 aliorum,
1483 3586 1569 3667 rqui
1596 3585 1762 3634 solent
1784 3599 1891 3632 cum
1918 3585 2008 3633 illo
2034 3581 2282 3634 confundi.
2333 3585 2417 3633 Sic
2441 3599 2567 3650 quae

445 3651 685 3712 leguntur
707 3667 785 3717 ap.
809 3652 978 3715 Antig.
1001 3654 1062 3702 de
1089 3652 1265 3702 Mirab.
1291 3670 1333 3702 c.
1358 3652 1447 3703 121
1504 3656 1707 3703 Ιππων
1729 3647 1759 3701 ὁ
1779 3646 2027 3718 Ῥηγῖνος
2049 3653 2181 3721 περὶ
2204 3652 2313 3703 τῶν
2336 3652 2569 3721 λεγομέ-

447 3733 561 3768 νων
592 3714 784 3771 τόπων
817 3723 1080 3788 φθείρειν
1110 3717 1177 3769 τὰ
1212 3719 1571 3787 ἐμπίπτοντα
1605 3716 1864 3769 τοιοῦτόν
1896 3736 1949 3768 τι
1981 3714 2213 3787 γράφει,
2253 3720 2336 3769 ubi
2371 3725 2567 3784 tempus

447 3786 662 3835 aedificii
696 3802 774 3852 ap.
825 3788 1022 3837 Palicos
1057 3788 1253 3836 Siculos
1288 3789 1537 3837 exstructi
1579 3787 1658 3837 01.
1686 3787 1750 3835 36
1785 3787 2023 3836 definitur
2055 3802 2174 3837 aera
2218 3787 2566 3854 olympiadum

452 3869 559 3902 cum
586 3855 920 3905 Archontibus
946 3856 1128 3905 Atticis
1163 3857 1451 3917 commissa,
1486 3871 1515 3905 a
1542 3855 1727 3904 Vossio
1752 3856 2072 3904 vindicantur
2106 3855 2310 3921 Hippyi3
2346 3856 2395 3904 id
2436 3855 2567 3920 quod

450 3929 625 3985 aperte
649 3922 829 3973 salsum
857 3931 953 3984 est,
988 3938 1096 3972 nam
1124 3924 1220 3973 ista
1256 3924 1559 3988 computatio
1592 3930 1672 3972 est
1696 3930 1969 3988 temporum
2003 3924 2356 3972 recentiorum.
2388 3949 2459 3960 —-
2491 3923 2565 3972 De

443 3987 675 4106 ghairone
702 3991 1001 4109 vag-enzer
1024 3988 1201 4053 fragm.
1229 3991 1419 4041 Histor.
1446 3990 1537 4041 Gr.
1563 4006 1612 4055 p.
1628 3990 1750 4052 1273
1772 3993 1832 4040 de
1858 3990 2071 4040 Chirone
2090 3990 2229 4041 Suid.
2248 4006 2299 4042 v.
2323 3992 2565 4058 Χείρων,

492 4072 523 4105 u
561 4072 634 4107 oc.
660 4076 706 4125 p.
838 4098 850 4109 .
