2867 4717
451 414 555 468 128
1258 416 1351 469 De
1395 415 1501 469 via.
1548 429 1740 469 sacra

451 579 509 632 et
538 571 669 650 ipse
696 571 979 631 lustratus
1011 589 1141 631 esse
1172 570 1507 650 perhibetur
1530 569 1587 631 et
1615 589 1712 630 ara
1735 569 1823 630 illa
1847 569 2102 631 lustralis
2128 571 2563 645 ostendebatur,

449 674 573 717 non
603 674 672 715 eo
705 655 856 729 loco,
890 654 988 715 ubi
1018 656 1147 733 ipsa
1177 656 1323 716 ficus
1355 673 1520 716 sacra
1544 655 1828 716 exstabat:
1861 655 2018 733 quod
2051 655 2128 716 ita
2159 655 2563 735 explicandum

452 742 640 813 dica3‚
680 746 746 800 ut
784 740 903 818 agri
943 738 1315 800 Atheniensis
1355 741 1640 800 terminos
1684 757 1872 818 usque
1908 740 1980 800 ad
2024 747 2267 818 pontem
2298 739 2566 821 Cephissi

451 825 708 903 patuisse
760 824 1089 903 suspicere3
1142 825 1467 903 eodemque
1512 824 1899 903 pertinuerint
1942 842 2089 902 quae
2134 825 2194 885 in
2237 825 2563 904 fragmento

451 909 661 983 Istri4)
694 909 943 969 Atthidis
977 909 1282 987 scriptoris
1317 909 1593 986 leguntur
1622 908 1993 986 antiquorum
2023 910 2413 971 terminorum
2460 910 2566 970 de-

452 994 773 1055 finitiones:
822 984 963 1054 ἆπὸ
1008 987 1083 1054 δὲ
1125 989 1242 1097 τῆς
1282 986 1619 1075 παραλίας
1661 985 1780 1054 ἐπὶ
1821 987 1939 1071 μὲν
1978 987 2161 1053 λείαν
2189 987 2450 1073 πέτραν.
2481 1029 2565 1038 -

451 1114 536 1123 -
581 1070 722 1140 ἀπὸ
762 1072 996 1139 τούτου
1045 1072 1118 1139 δὲ
1161 1073 1285 1151 ἓως
1326 1074 1642 1140 Κολωνοῦ
1695 1073 1878 1161 παρὰ
1906 1073 2020 1139 τὸν
2047 1074 2324 1155 χαλκοῦν
2351 1095 2566 1162 προσ-

454 1156 918 1244 αγορευόμενον
957 1166 1064 1237 (sc.
1093 1157 1209 1223 τὸν
1244 1157 1625 1239 χαλκόπουν
1667 1153 1844 1237 ὀδόν,
1890 1169 2096 1223 notum
2131 1182 2198 1222 ex
2230 1162 2566 1242 Sophocle),

455 1241 619 1309 ὅθεν
681 1242 850 1328 πρὸς
910 1243 1023 1308 τὸν
1073 1243 1384 1331 Κηφισὸν
1439 1240 1562 1320 ἕως
1610 1249 1728 1320 τ”ς
1778 1243 2098 1329 μυστικῆς
2152 1239 2417 1309 εἰσόδου
2474 1239 2569 1321 εἷς

446 1323 809 1393 Ἐλευσῖνα·
865 1323 1007 1393 α’πὸ
1060 1325 1301 1412 ταύτης
1358 1325 1435 1392 δὲ
1490 1327 1654 1411 βαδι
1696 1325 1897 1392 όντων
1953 1323 2047 1405 εἰς
2094 1322 2429 1393 Ἐλευσῖνα
2481 1328 2567 1393 τὰ

454 1410 855 1498 ἐπαριστεροὶ
896 1409 1086 1497 μέχρι
1129 1413 1248 1477 τοῦ
1289 1409 1502 1498 λόφου
1546 1413 1666 1477 τοῦ
1708 1407 2059 1496 ,Αἰγάλεως
2114 1435 2231 1494 quo
2285 1416 2415 1477 loco
2468 1416 2568 1476 in-

455 1501 817 1580 gressionem
850 1500 1173 1580 'mysticam
1227 1508 1470 1580 pontem
1524 1499 1793 1580 Cephissi
1845 1501 1955 1561 dici
2007 1501 2178 1561 etiam
2231 1519 2389 1562 nunc
2433 1519 2565 1562 cum

456 1586 714 1647 Meursio
746 1592 971 1657 statu0‚
1012 1604 1143 1645 cum
1175 1585 1267 1646 alii
1297 1584 1675 1664 cogitaverint
1703 1587 1774 1646 de
1804 1585 2170 1663 ingressione
2201 1585 2406 1658 saltuS‚
2450 1604 2566 1664 quo

454 1670 736 1748 Aegaleus
776 1669 1058 1731 traiicitur
1076 1673 1154 1745 ⁵).
1213 1671 1296 1731 De
1325 1670 1674 1731 Theodectis
1699 1671 1754 1745 6)
1787 1677 1846 1731 et
1875 1669 2180 1731 Mnesithei
2212 1688 2569 1731 monumen-

455 1756 531 1816 tis
562 1755 705 1815 nihil
735 1761 991 1827 constat,
1032 1762 1088 1815 et
1114 1754 1350 1815 fuerunt
1380 1761 1607 1833 praeter
1636 1755 1779 1815 haec
1808 1755 1985 1815 multa
2016 1754 2120 1815 alia
2154 1774 2286 1815 cum
2318 1755 2479 1815 hisce
2507 1756 2569 1815 in

454 1841 599 1901 locis
630 1846 756 1900 tum
788 1839 847 1898 in
879 1838 1253 1917 sequentibus
1286 1840 1358 1900 ad
1397 1839 1549 1900 viam
1580 1858 1804 1900 sacram
1838 1847 2189 1911 constructa,
2213 1841 2284 1900 de
2315 1858 2568 1918 quorum

455 1924 718 2004 reliquiis
763 1942 893 1984 cum
926 1930 1166 1985 narrent
1193 1924 1579 1995 recentiores,
1620 1923 1938 1985 Pausanias
1978 1924 2217 1985 nonnisi
2247 1918 2568 2001 insigniora

457 2009 972 2071 commemoranda
1025 2010 1260 2087 putavit.
1347 2008 1636 2088 Cyamitae
1685 2027 1905 2069 nomen
1956 2016 2127 2088 atque
2171 2010 2373 2087 religio
2421 2009 2572 2070 sicut

375 2122 381 2129 ·
455 2093 778 2156 Pausaniae
807 2093 1169 2171 aliorumque
1199 2093 1718 2170 grammaticorum
1750 2100 2011 2154 veterum
2035 2093 2265 2171 ingenia
2296 2093 2568 2165 exercuit,

456 2178 534 2238 ita
576 2177 928 2238 recentiores
976 2178 1149 2237 etiam
1191 2176 1565 2256 mythologos
1612 2177 1859 2239 multum
1899 2179 2121 2239 vexavit
2138 2179 2216 2254 ⁷).
2292 2177 2431 2238 Mihi
2472 2197 2568 2238 res

456 2263 515 2322 in
546 2262 724 2322 dubio
757 2262 1137 2339 relinquenda
1160 2261 1401 2335 videtur,
1424 2280 1561 2322 nam
1593 2262 1753 2341 quod
1782 2262 1842 2323 in
1864 2263 2181 2342 Hesychio:
2226 2254 2574 2345 Κυαμίτης

458 2338 494 2408 ὁ
528 2341 787 2426 παγκὸς
816 2339 1215 2426 καλούμενος
1243 2365 1275 2407 a
1305 2346 1608 2407 nonnullis
1633 2348 1975 2409 emendatur
2006 2339 2330 2425 ὁἼακχος,
2361 2364 2570 2408 caven-

458 2432 598 2492 dum
629 2449 704 2492 ne
731 2431 941 2491 laccho
973 2450 1106 2491 cum
1138 2430 1346 2492 Cerere
1378 2431 1670 2493 Eleusinia
1694 2432 2177 2493 coniunctissimo
2212 2433 2571 2511 imputemus

456 2517 613 2595 quod
647 2515 718 2575 ab
748 2515 873 2594 ipsa
906 2514 1113 2576 Cerere
1136 2534 1380 2594 prorsus
1413 2516 1663 2577 alienum
1697 2536 1829 2577 esse
1859 2525 2079 2577 veteres
2103 2523 2457 2578 asseverant.

629 2602 774 2662 Post
802 2599 1089 2678 Cyamitae
1130 2601 1414 2679 templum
1448 2601 1769 2662 Pausanias
1800 2608 2091 2663 memorat
2120 2608 2569 2663 monumentum

455 2685 670 2746 Rhodii
724 2685 1025 2745 cuiusdam
1071 2684 1428 2746 Athenarum
1477 2686 1613 2766 civis
1660 2686 1923 2764 inquilini
1970 2694 2141 2765 atque
2183 2686 2457 2758 alterum,
2502 2685 2572 2747 ab

455 2769 707 2848 Harpalo
748 2770 1064 2830 Macedone
1102 2769 1164 2830 in
1208 2769 1585 2848 Pythionicae
1625 2771 1824 2831 uxoris
1863 2771 2151 2832 honorem
2194 2771 2572 2848 magnificen-

455 2855 681 2915 tissime
704 2861 1083 2915 exstructum.
1133 2853 1308 2915 Cuius
1332 2855 1699 2916 monumenti
1718 2856 1880 2916 locus
1907 2856 2048 2916 satis
2066 2863 2329 2916 accurate
2346 2855 2573 2915 definiri

457 2945 654 3016 potest
672 2937 929 2998 adhibito
949 2937 1289 2999 testimonio
1308 2940 1639 3000 Dicaearchi
1656 2959 1747 3019 ap.
1766 2941 1974 3000 Athen.
1997 2940 2150 3013 XIII,
2166 2959 2225 3018 p.
2246 2940 2367 3001 594
2384 2941 2450 3012 Ε,
2471 2940 2573 3001 ubi

457 3023 610 3084 varia
650 3023 723 3083 de
763 3023 971 3083 eodem
1000 3023 1226 3084 tumulo
1257 3025 1552 3085 variorum
1585 3026 1941 3103 scriptorum
1971 3025 2309 3086 testimonia
2341 3024 2574 3085 collecta

592 3237 643 3299 4)
683 3238 774 3303 Ap.
809 3237 977 3289 Schol.
1013 3238 1160 3303 Soph.
1197 3238 1255 3288 0.
1283 3237 1338 3289 C.
1370 3239 1529 3303 1059,
1553 3256 1602 3289 v,
1630 3239 1766 3290 Sieb.
1794 3241 1840 3289 in
1867 3237 2042 3302 fragm.
2066 3237 2185 3288 Istri
2206 3255 2251 3304 p.
2280 3238 2343 3288 63
2370 3245 2423 3288 et
2447 3253 2573 3304 quae

461 3306 575 3422 0Ιίιέ
602 3307 663 3422 (210
690 3321 748 3354 eo
770 3307 881 3355 loco
907 3306 1158 3370 disputavi
1182 3306 1230 3355 in
1257 3305 1541 3358 Zimmerm.
1565 3304 1860 3358 zeitschrift
1876 3305 1960 3357 fiir
1976 3308 2355 3357 AlterthumSW.
2375 3322 2419 3356 a.
2443 3305 2573 3356 1836

596 3441 644 3503 5)
683 3440 902 3490 Leakius
928 3438 1029 3504 τὴν
1050 3436 1325 3510 μυστικὴν
1349 3440 1579 3495 εἴσοδον
1602 3460 1699 3492 non
1723 3450 1914 3493 certum
1939 3443 2101 3492 locum
2126 3443 2173 3490 in
2200 3443 2282 3491 via
2307 3457 2466 3507 sacra,
2486 3441 2575 3491 sed

458 3509 748 3558 nniversam
771 3509 899 3558 viam
926 3509 1022 3558 dici
1048 3515 1207 3574 putat,
1233 3512 1362 3574 quod
1388 3508 1639 3561 refutatur
1663 3512 1725 3560 iis
1752 3527 1876 3576 quae
1902 3517 2200 3576 sequuntur,
2237 3504 2353 3560 ἀπὸ
2380 3504 2577 3572 ταύτης

458 3570 797 3641 βαδιζόντων
820 3584 916 3626 etc.

596 3643 646 3706 6)
687 3644 812 3693 Erat
854 3644 1127 3710 discipulus
1161 3643 1398 3697 Isocratis
1433 3653 1485 3695 et
1518 3652 1666 3711 poeta
1706 3646 1952 3708 tragicus„
1995 3661 2044 3693 v.
2085 3644 2339 3695 Plutarch.
2372 3645 2486 3694 vitt.
2524 3642 2576 3692 X

463 3719 615 3762 oratt.
641 3712 689 3760 in
714 3711 865 3776 Isoc.,
900 3713 982 3778 qui
1019 3728 1108 3761 suo
1145 3720 1368 3778 tempore
1393 3713 1518 3763 illud
1542 3720 1908 3763 monumentum
1934 3713 2207 3777 collapsum
2231 3711 2390 3762 fuisse
2415 3719 2578 3761 testa-

463 3787 568 3830 tur:
596 3765 663 3829 οὗ
687 3777 805 3829 ἐστι
829 3778 891 3829 τὸ
914 3780 1112 3848 μνῆμα
1139 3778 1231 3831 ἐπὶ
1256 3779 1355 3832 τὸν
1378 3784 1676 3850 Κυαμίτην
1699 3779 2109 3897 πορευομένοις
2133 3776 2272 3830 κατὰ
2298 3777 2397 3844 τὴν
2421 3775 2578 3845 ἱερὰν

461 3842 600 3899 ὁδὸν
628 3841 723 3898 ἐπ’
748 3844 1054 3906 Ἐλευσῖνα,
1082 3849 1250 3899 τανῦν
1273 3849 1796 3918 κατερηρειμμένον.
1847 3850 1900 3912 [C
1926 3886 1937 3898 .
1962 3847 2017 3897 C.
2044 3848 2101 3898 F.
2129 3847 2187 3898 T.
2217 3847 2479 3897 Maercker
2512 3848 2573 3895 de

459 3913 762 3964 Theodectis
789 3916 1072 3964 Phaselitae
1096 3916 1200 3965 vita
1225 3924 1278 3966 et
1303 3918 1505 3981 scriptis
1532 3924 1846 3966 commentat.
1872 3915 1908 3966 I.
1935 3915 2146 3966 Vratisl.
2178 3914 2340 3977 1835.]

597 3983 643 4042 7)
682 3981 755 4032 Cf.
778 3983 928 4032 Bekk.
952 3985 1138 4033 Anecd.
1166 4000 1212 4048 p.
1241 3983 1357 4047 274,
1389 3984 1477 4044 143
1505 3985 1647 4034 Phot.
1669 4001 1711 4034 s.
1737 4001 1811 4046 v.;
1841 3984 2063 4034 Creuzer
2082 3983 2293 4048 Mythol.
2312 3980 2390 4047 ΠΙ,
2412 3997 2458 4047 p.
2481 3980 2575 4042 363

460 4047 704 4100 Welcker
727 4050 983 4114 Nachtrag
1008 4068 1052 4100 z.
1080 4050 1307 4115 Trilogie
1331 4067 1380 4116 p.
1410 4051 1537 4113 2533
1568 4051 1765 4102 Lobeck
1797 4053 1907 4115 Agl.
1932 4067 1978 4117 p.
2001 4049 2116 4100 253.
