2867 4717
479 446 550 501 98
1279 445 1371 497 De
1407 442 1840 510 Praxiphane

416 613 442 657 a
479 620 648 663 mens
688 601 846 662 Alex.
890 600 1110 660 Strom.
1141 600 1189 671 1,
1231 617 1288 677 p.
1322 598 1446 660 365
1478 598 1683 658 Potter
1711 587 2218 678 ,Ἀπολλόδωρος
2263 588 2339 656 δὲ
2382 585 2419 654 ὁ
2464 596 2598 655 Κυ-

476 686 792 767 μαῖοςῑθ)
862 681 1121 764 πρῶτος
1182 680 1296 744 τοῦ
1345 678 1643 765 κριτικοῦ
1699 673 2091 764 εἰσηγήσατο
2143 669 2435 781 τοῦνομα
2485 674 2601 740 καὶ

477 765 929 852 γραμματικὸς
991 761 1522 849 προσηγορεύθη.
1610 756 1779 826 ἔνιοι
1851 759 1927 825 δὲ
1985 755 2422 845 Ἐρατοσθενη
2486 759 2601 824 τὸν

477 848 847 937 Κυρηναῖον
932 870 1101 927 ασιν,
1133 845 1373 934 ἐπειδὴ
1406 845 1722 926 ἐξέδωκεν
1759 838 1951 922 οὗτος
1982 840 2218 928 βιβλία
2250 842 2367 908 δύο
2390 866 2600 930 γραμ-

475 934 841 1019 amandu)
874 872 1283 1019 Ξπιγράψας.
1350 928 1717 1017 ὠνομάσθη
1765 928 1840 995 δὲ
1886 928 2338 1013 γραμματικὸς
2367 924 2457 1005 ὥς
2491 928 2600 993 νῦν

478 1015 881 1100 ὀνομάζομεν
924 1018 1190 1099 πρῶτος
1232 1012 1668 1103 Πραξιφάνης
1712 1010 2252 1101 Διονυσοφάνους
2294 1012 2597 1098 Μιτυλη-

474 1106 805 1183 ναῖος12);
850 1104 950 1165 ubi
991 1121 1106 1182 quo
1151 1122 1329 1164 sensu
1370 1104 1784 1181 grammaticus
1827 1103 1927 1181 qui
1965 1120 2124 1163 nunc
2153 1100 2364 1161 dicitur
2403 1119 2599 1179 oppo-

479 1198 649 1252 natur
699 1189 1076 1269 grammatico
1132 1189 1458 1249 secundum
1512 1188 1873 1265 antiquiores
1918 1186 2073 1247 dicto
2114 1192 2381 1264 apertum
2423 1185 2490 1244 fit
2527 1201 2598 1244 ex

479 1276 675 1337 Schol.
700 1274 857 1335 Artis
881 1273 1138 1352 Dionysii
1169 1292 1261 1353 ap.
1286 1273 1466 1334 Bekk.
1493 1273 1708 1332 Anecd.
1740 1271 1808 1344 ΙΙ,
1840 1290 1897 1349 p.
1932 1270 2053 1331 729
2088 1265 2276 1351 διττὴ
2313 1262 2390 1330 δέ
2419 1262 2598 1330 ἐστιν

475 1508 535 1559 L.
570 1524 636 1559 ex
668 1510 761 1557 hoc
793 1516 1096 1558 testamenta
1127 1509 1326 1558 illorum
1352 1509 1708 1573 depromserit,
1745 1524 1794 1558 v.
1821 1508 1882 1569 V,
1909 1506 1975 1555 64
2000 1522 2042 1556 c.
2071 1513 2173 1555 not.
2204 1504 2450 1567 Menagii3
2477 1505 2594 1555 coll.

474 1574 539 1639 V,
567 1575 658 1636 703
693 1575 785 1635 74;
809 1574 895 1638 Vl,
933 1576 1027 1625 163
1050 1592 1124 1642 sq.
1152 1583 1204 1625 et
1227 1576 1419 1625 Ritschl
1447 1576 1574 1625 MuS.
1600 1576 1757 1626 Rhen.
1784 1575 1961 1625 Philol.
1985 1590 2030 1624 a.
2064 1573 2187 1622 1841
2216 1589 2263 1637 p.
2295 1571 2595 1621 193—200.

475 1642 665 1692 Deinde
700 1643 918 1692 scholam
956 1644 1305 1693 sustinuerunt
1341 1643 1612 1703 Critolaus,
1640 1644 1722 1708 qui
1757 1658 1864 1692 cum
1891 1641 2147 1691 Carneade
2173 1647 2228 1689 et
2250 1640 2472 1702 Diogene
2498 1638 2598 1688 Ro-

475 1724 603 1759 mam
628 1710 810 1759 missus
837 1718 930 1774 est,
958 1719 1010 1760 et
1034 1711 1282 1761 Diodorus
1309 1710 1429 1770 (Cic.
1455 1712 1515 1760 de
1542 1711 1624 1761 fin.
1652 1709 1712 1773 V,
1740 1710 1798 1771 53
1824 1709 1979 1759 Clem.
2001 1708 2149 1758 Alex.
2172 1707 2356 1757 Strom.
2376 1706 2410 1771 Ι,
2430 1723 2476 1771 p.
2498 1705 2597 1755 353

476 1776 632 1839 Pott.)
649 1815 662 1837 ,
700 1778 776 1826 cui
805 1779 848 1826 si
882 1778 1233 1841 subiungamus
1260 1778 1574 1845 Cratippum,
1599 1777 1830 1827 Ciceroni
1854 1776 2205 1827 amicissimum
2229 1782 2282 1824 et
2305 1775 2598 1837 magistrum

474 1843 544 1894 M.
572 1844 830 1894 Ciceronis
857 1845 947 1895 filii
972 1846 1129 1908 (Brut.
1158 1846 1247 1909 71,
1273 1846 1399 1907 2503
1426 1848 1474 1895 d.
1504 1845 1598 1896 Off.
1627 1844 1675 1908 I,
1706 1846 1758 1906 1,
1790 1845 1844 1905 13
1870 1845 1950 1894 ad.
1974 1843 2110 1893 Fam.
2142 1842 2220 1905 12,
2251 1841 2329 1899 16,
2357 1842 2422 1906 2),
2445 1848 2596 1905 atque

474 1911 602 1962 alios
636 1913 760 1961 duos
795 1914 1041 1974 incertOS,
1076 1914 1308 1963 idoneum
1340 1914 1504 1963 locum
1540 1913 1869 1962 nanciscimur
1901 1910 2187 1961 Andronico
2214 1908 2429 1971 Rhodio,
2468 1922 2595 1957 nova

475 1980 769 2029 recensione
797 1996 1000 2045 operum
1026 1981 1322 2029 Aristotelis
1349 1988 1401 2030 et
1424 1980 1760 2046 Theophrasti
1786 1980 2092 2038 clarissimo,
2119 1991 2261 2042 quem
2288 1977 2598 2025 undecimum

474 2047 536 2096 ab
563 2047 839 2096 Aristotele
866 2061 1212 2097 successorem
1236 2045 1392 2097 fuisse
1417 2055 1673 2098 testantur
1692 2047 1890 2096 Scholia
1915 2047 1964 2095 in
1986 2044 2341 2094 Aristotelem:
2371 2038 2599 2111 Ἀνδρό-

473 2127 628 2170 νικος
653 2109 682 2163 ὁ
704 2109 920 2170 Ῥόδιος
941 2111 971 2164 ὁ
997 2110 1298 2183 λεγόμενος
1319 2114 1616 2171 ἑνδέκατος
1635 2109 1907 2180 διάδοχος
1924 2114 2019 2177 τῆς
2040 2110 2454 2179 Ἀριστοτέλους
2473 2109 2596 2160 δια-

473 2180 1699 2313 srasariematri-garwa?
1717 2198 1762 2298 a
1778 2182 1838 2313 25
1869 2175 2595 2311 errata.„af-..aegas

472 2315 561 2364 tim
606 2315 803 2365 scholas
846 2316 1153 2379 habuerunt,
1198 2331 1404 2381 quorum
1441 2317 1638 2366 nomina
1671 2287 1856 2366 ceteris
1888 2316 2185 2381 interposita
2219 2319 2351 2364 sunt.
2409 2312 2595 2362 Horum

471 2382 812 2450 Πραξιτέλης
843 2399 907 2432 ex
939 2384 1226 2449 compendio
1271 2386 1481 2434 nominis
1517 2383 1845 2448 Praxiphanis
1887 2383 2034 2433 fictus
2066 2383 2284 2443 videtur,
2319 2382 2417 2430 nisi
2458 2382 2595 2430 dicas

473 2450 789 2500 scribendum
814 2465 928 2500 esse
954 2452 1263 2515 Πασικλῆς,
1299 2452 1380 2516 qui
1401 2459 1528 2501 ·erat
1561 2452 1762 2501 auditor
1784 2450 2079 2500 Aristotelis
2104 2456 2159 2499 et
2182 2449 2391 2497 Eudemi
2419 2462 2592 2513 nepos»,

474 2514 2596 2650 ‘id-332⁰1¹:⁰33?¹2:¹&gffffssitssffl'ffifffiffzttssbffiizt1222222¹22⁰iz.i·.35¹212¹22

471 2652 818 2715 griechischen
854 2652 1058 2702 Denker
1089 2669 1169 2718 pg.
1207 2651 1341 2715 268.]
1397 2653 1643 2719 Lyciscus
1674 2650 1832 2701 fuerit
1867 2667 2020 2716 nepos
2053 2651 2300 2717 LyconiS,
2337 2649 2594 2700 Aristonis

472 2720 696 2784 aequalis
732 2720 901 2782 (Diog.
940 2719 994 2769 L.
1034 2719 1104 2784 V,
1141 2720 1261 2784 70),
1299 2720 1641 2786 Praxiphanes
1668 2720 1920 2768 Stratonis
1945 2719 2169 2783 aequalis
2196 2724 2308 2767 erat
2332 2717 2593 2781 locumque

472 2801 615 2836 suum
646 2788 696 2836 in
733 2802 947 2837 recensu
970 2787 1056 2837 illo
1082 2788 1293 2852 primum
1319 2789 1462 2837 iuxta
1489 2789 1617 2837 hunc
1640 2787 1872 2836 habuisse
1898 2785 2114 2846 videtur,
2139 2785 2224 2834 ubi
2251 2800 2380 2833 nunc
2406 2784 2597 2846 legitur

471 2854 752 2916 ambiguum
789 2855 911 2904 illud
946 2871 1124 2907 nomen
1155 2856 1449 2906 PraxiteliS.
1498 2855 1834 2919 Hieronymus
1866 2853 2173 2917 temporibus
2198 2851 2418 2917 Lyconis
2444 2852 2593 2900 scho-

470 2920 568 2970 lam
594 2920 767 2970 habuit
790 2921 999 2971 Athenis
1027 2922 1189 2984 (Diog.
1215 2921 1273 2972 L.
1300 2922 1386 2985 lv,
1412 2924 1505 2983 423
1535 2921 1594 2985 V,
1615 2922 1709 2983 683
1736 2921 1837 2971 Cic.
1871 2922 1931 2971 de
1953 2921 2037 2969 fin.
2062 2919 2120 2982 V,
2142 2921 2205 2982 5).
2246 2918 2595 2968 Phormionem

469 2986 864 3051 Peripateticum
897 3003 1063 3037 coram
1090 2988 1365 3038 Hannibale
1398 2990 1566 3055 inepte
1594 2990 1653 3039 de
1681 2990 1811 3038 omni
1837 3004 1892 3037 re
1918 2988 2120 3037 militari
2145 2986 2451 3036 declamasse
2477 3001 2597 3035 nar·

471 3060 552 3104 rat
562 3053 662 3103 Cic.
676 3055 737 3103 de
752 3054 837 3104 Or.
851 3052 909 3116 11,
925 3054 1003 3116 18,
1018 3056 1099 3104 75.
1136 3056 1225 3117 [De
1245 3055 1520 3121 Prytanide
1540 3054 1604 3106 cf.
1625 3056 1855 3106 Meineke
1868 3055 2111 3105 Analecta
2123 3054 2273 3104 Alex.
2292 3069 2340 3118 p.
2356 3053 2425 3116 6.]
2450 3053 2594 3104 Adde

470 3120 832 3188 Calliphontem
857 3130 911 3172 et
929 3123 1294 3183 Dinomachum,
1315 3139 1524 3189 quorum
1546 3124 1768 3173 meminit
1785 3121 1887 3171 Cic.
1910 3123 1970 3171 de
1989 3123 2077 3171 fin.
2099 3122 2161 3185 V,
2175 3121 2223 3182 8,
2246 3118 2309 3170 cf.
2332 3120 2592 3171 onomast.

469 3188 690 3240 Tullian.
716 3192 793 3240 ed.
821 3191 883 3240 ab
910 3191 1104 3240 Orellio
1127 3197 1179 3240 et
1200 3192 1398 3240 Baitero
1419 3190 1470 3240 P.
1495 3190 1552 3252 II,
1574 3207 1621 3255 p.
1647 3189 1741 3239 118
1763 3205 1854 3254 sq„
1873 3190 2085 3254 denique
2104 3189 2427 3254 Erymneum,
2447 3188 2594 3238 cuius

467 3258 690 3307 meminit
714 3257 1003 3308 Athenaeus
1028 3257 1091 3322 V,
1118 3275 1165 3324 p.
1191 3258 1285 3307 211
1311 3259 1370 3308 Ε.
1409 3258 1481 3308 De
1502 3259 1729 3308 doctrina
1750 3258 1922 3307 horum
1943 3256 2459 3323 Peripateticorumin
2481 3255 2596 3304 uni-

466 3338 671 3373 versum
706 3324 980 3389 disputavit
1004 3324 1119 3375 Chr.
1147 3325 1394 3375 Petersen
1419 3326 1604 3375 Berlin.
1642 3325 1842 3375 Jahrbb.
1869 3322 1954 3373 fiir
1987 3320 2376 3373 wissenschaftl.
2402 3320 2589 3385 Kritik,

468 3389 613 3455 April
641 3389 787 3451 1836,
813 3391 902 3440 Nr.
931 3392 1011 3441 71.
1076 3393 1167 3454 [De
1202 3392 1458 3442 Demetrio
1491 3393 1827 3458 Peripatetico
1862 3388 1925 3441 cf.
1968 3390 2112 3453 Diog.
2140 3390 2197 3441 L.
2224 3389 2287 3451 V,
2326 3389 2390 3438 83
2417 3405 2459 3439 c.
2485 3396 2593 3440 not.

472 3455 692 3519 Menagii
710 3464 764 3507 et
784 3457 1124 3509 Philodemum
1148 3460 1280 3527 περὶ
1303 3477 1505 3527 ποιημ.
1532 3460 1627 3509 eol.
1654 3458 1766 3523 XIJ.

609 3524 688 3586 10)
735 3523 878 3588 Apud
920 3525 1188 3591 plerosque
1228 3534 1442 3577 vocatur
1480 3523 1847 3595 Αὐτόδωρος,
1892 3542 1941 3577 v.
1979 3526 2317 3592 Quaestiones
2353 3540 2490 3574 meas
2527 3526 2592 3575 de

466 3590 644 3640 histor.
682 3588 899 3642 Gramm.
934 3593 1054 3657 Byz.
1092 3594 1140 3641 in
1167 3608 1388 3658 prooem.
1419 3593 1525 3644 Ind.
1551 3595 1717 3644 Schol.
1753 3595 1962 3660 Dorpat.
1989 3593 2123 3643 Sem.
2149 3592 2172 3643 1
2196 3607 2242 3642 a.
2276 3591 2421 3653 1840,
2448 3608 2495 3657 p.
2522 3591 2592 3641 24

465 3664 569 3708 not.
618 3657 760 3708 Sicut
790 3658 936 3707 huius
970 3674 1147 3709 nomen
1171 3663 1379 3711 fluctuat
1403 3657 1906 3729 inter‘Abrddeoc
1923 3699 1937 3723 ‚
1966 3656 2311 3729 Ἀντόὸωρος
2334 3665 2387 3708 et
2416 3654 2592 3710 Ἀντί·

467 3721 665 3795 δωρος,
689 3725 759 3774 ita
785 3726 934 3775 etiam
959 3725 1202 3776 Autodori
1227 3728 1481 3793 Epicurei,
1508 3730 1649 3779 cuius
1672 3731 1896 3779 meminit
1919 3728 2065 3791 Πίος.
2091 3727 2149 3777 L.
2176 3727 2237 3790 V,
2266 3727 2361 3788 923
2386 3725 2454 3788 X,
2482 3725 2530 3775 8.

609 3791 690 3852 11)
729 3790 805 3841 Cf.
832 3792 1127 3860 Bernhardy
1151 3794 1408 3845 Eratosth.
1438 3812 1484 3861 p.
1510 3796 1581 3846 X.

605 3857 685 3921 12)
724 3858 965 3922 [Meierus
990 3868 1305 3911 commentat.
1320 3860 1448 3923 V1‚2
1469 3864 1531 3912 de
1557 3863 1826 3913 Andocidis
1851 3878 1976 3929 quae
1995 3862 2148 3925 vulgo
2170 3859 2336 3911 fertur
2355 3861 2588 3909 oratione

466 3930 642 3974 contra
674 3925 980 3976 Alcibiadem
1009 3942 1091 3992 pg.
1118 3926 1230 3978 Vlll
1265 3928 1465 3980 scribit:
1499 3934 1758 3998 Κυμαῖος
1792 3931 2012 3998 πρῶτος
2048 3930 2164 3992 [τοῦ
2188 3925 2588 3996 γραμματικοῦ

464 3988 605 4071 dyst]
638 3993 739 4073 '5¹05
771 3994 1022 4063 κριῒθκοῧ
1058 3990 1379 4061 εῗςηγήσατο
1411 4023 1481 4034 -
1508 4000 1693 4063 βιβλία
1717 3993 1839 4062 δύο,
1863 3994 2229 4067 γραμματικὰ
2257 3989 2587 4063 ἐπιγράψας

461 4058 822 4125 ξωνομασθαι
847 4055 1021 4118 οὕτως
1042 4061 1307 4132 aquitan]
1336 4059 1650 4131 ὠνομάσθη
1675 4082 1724 4116 κ.
1750 4081 1796 4115 τ.
1823 4066 1888 4127 t]
