<?xml version="1.0" encoding="UTF-8"?>
<!DOCTYPE html PUBLIC "-//W3C//DTD XHTML 1.0 Transitional//EN"
    "http://www.w3.org/TR/xhtml1/DTD/xhtml1-transitional.dtd">
<html xmlns="http://www.w3.org/1999/xhtml" xml:lang="en" lang="en">
 <head>
  <title>
</title>
<meta http-equiv="Content-Type" content="text/html;charset=utf-8" />
  <meta name='ocr-system' content='tesseract 3.04.00' />
  <meta name='ocr-capabilities' content='ocr_page ocr_carea ocr_par ocr_line ocrx_word'/>
</head>
<body>
  <div class='ocr_page' id='page_1' title='image "./ausgewhlteaufst01khgoog_0062.png"; bbox 0 0 2867 4717; ppageno 0'>
   <div class='ocr_carea' id='block_1_1' title="bbox 1001 419 2384 477">
    <p class='ocr_par' dir='ltr' id='par_1_1' title="bbox 1001 419 2384 477">
     <span class='ocr_line' id='line_1_1' title="bbox 1001 419 2384 477; baseline 0.002 -5"><span class='ocrx_word' id='word_1_1' title='bbox 1001 419 1243 475; x_wconf 88' lang='lat' dir='ltr'><strong>Lesbio</strong></span> <span class='ocrx_word' id='word_1_2' title='bbox 1287 421 1635 477; x_wconf 84' lang='lat' dir='ltr'><strong>historico.</strong></span> <span class='ocrx_word' id='word_1_3' title='bbox 2312 421 2384 475; x_wconf 73' lang='lat'><strong>49</strong></span> 
     </span>
    </p>
   </div>
   <div class='ocr_carea' id='block_1_2' title="bbox 249 574 2392 3269">
    <p class='ocr_par' dir='ltr' id='par_1_2' title="bbox 249 574 2392 3269">
     <span class='ocr_line' id='line_1_2' title="bbox 253 574 2387 655; baseline -0.001 -16"><span class='ocrx_word' id='word_1_4' title='bbox 253 579 330 639; x_wconf 92' lang='lat' dir='ltr'><strong>de</strong></span> <span class='ocrx_word' id='word_1_5' title='bbox 344 577 495 638; x_wconf 89' lang='lat' dir='ltr'><strong>solis</strong></span> <span class='ocrx_word' id='word_1_6' title='bbox 518 575 739 647; x_wconf 88' lang='lat' dir='ltr'><strong>Persis,</strong></span> <span class='ocrx_word' id='word_1_7' title='bbox 763 574 863 634; x_wconf 92' lang='lat' dir='ltr'><strong>sed</strong></span> <span class='ocrx_word' id='word_1_8' title='bbox 889 575 962 635; x_wconf 92' lang='lat' dir='ltr'><strong>de</strong></span> <span class='ocrx_word' id='word_1_9' title='bbox 977 575 1181 636; x_wconf 91' lang='lat' dir='ltr'><strong>ceteris</strong></span> <span class='ocrx_word' id='word_1_10' title='bbox 1205 577 1376 636; x_wconf 90' lang='lat' dir='ltr'><strong>etiam</strong></span> <span class='ocrx_word' id='word_1_11' title='bbox 1393 578 1566 639; x_wconf 87' lang='lat' dir='ltr'><strong>Asiae</strong></span> <span class='ocrx_word' id='word_1_12' title='bbox 1588 577 1861 655; x_wconf 87' lang='lat' dir='ltr'><strong>gentibus</strong></span> <span class='ocrx_word' id='word_1_13' title='bbox 1884 577 2162 638; x_wconf 87' lang='lat' dir='ltr'><strong>traditum</strong></span> <span class='ocrx_word' id='word_1_14' title='bbox 2177 576 2387 650; x_wconf 88' lang='lat' dir='ltr'><strong>fuisse,</strong></span> 
     </span>
     <span class='ocr_line' id='line_1_3' title="bbox 252 659 2387 739; baseline -0.001 -16"><span class='ocrx_word' id='word_1_15' title='bbox 252 662 431 724; x_wconf 87' lang='lat' dir='ltr'><strong>sicuti</strong></span> <span class='ocrx_word' id='word_1_16' title='bbox 455 662 675 722; x_wconf 81' lang='lat' dir='ltr'><strong>fecerat</strong></span> <span class='ocrx_word' id='word_1_17' title='bbox 703 660 874 720; x_wconf 92' lang='lat' dir='ltr'><strong>etiam</strong></span> <span class='ocrx_word' id='word_1_18' title='bbox 908 659 1152 721; x_wconf 90' lang='lat' dir='ltr'><strong>Ctesias.</strong></span> <span class='ocrx_word' id='word_1_19' title='bbox 1224 660 1426 739; x_wconf 84' lang='lat' dir='ltr'><strong>Neque</strong></span> <span class='ocrx_word' id='word_1_20' title='bbox 1472 663 1715 722; x_wconf 89' lang='lat' dir='ltr'><strong>omnino</strong></span> <span class='ocrx_word' id='word_1_21' title='bbox 1747 662 1819 721; x_wconf 90' lang='lat' dir='ltr'><strong>de</strong></span> <span class='ocrx_word' id='word_1_22' title='bbox 1849 661 2164 722; x_wconf 82' lang='lat' dir='ltr'><strong>Persarum</strong></span> <span class='ocrx_word' id='word_1_23' title='bbox 2203 679 2387 739; x_wconf 85' lang='lat' dir='ltr'><strong>regno</strong></span> 
     </span>
     <span class='ocr_line' id='line_1_4' title="bbox 253 745 2387 826; baseline -0.001 -18"><span class='ocrx_word' id='word_1_24' title='bbox 253 755 435 826; x_wconf 90' lang='lat' dir='ltr'><strong>atque</strong></span> <span class='ocrx_word' id='word_1_25' title='bbox 466 745 738 806; x_wconf 89' lang='lat' dir='ltr'><strong>moribus</strong></span> <span class='ocrx_word' id='word_1_26' title='bbox 774 752 1040 805; x_wconf 89' lang='lat' dir='ltr'><strong>accurate</strong></span> <span class='ocrx_word' id='word_1_27' title='bbox 1080 745 1351 822; x_wconf 89' lang='lat' dir='ltr'><strong>explicari</strong></span> <span class='ocrx_word' id='word_1_28' title='bbox 1393 753 1651 823; x_wconf 89' lang='lat' dir='ltr'><strong>poterat,</strong></span> <span class='ocrx_word' id='word_1_29' title='bbox 1691 746 1806 807; x_wconf 93' lang='lat' dir='ltr'><strong>nisi</strong></span> <span class='ocrx_word' id='word_1_30' title='bbox 1849 754 2171 807; x_wconf 91' lang='lat' dir='ltr'><strong>ceterarum</strong></span> <span class='ocrx_word' id='word_1_31' title='bbox 2213 746 2387 806; x_wconf 89' lang='lat' dir='ltr'><strong>etiam</strong></span> 
     </span>
     <span class='ocr_line' id='line_1_5' title="bbox 253 828 2388 910; baseline -0 -19"><span class='ocrx_word' id='word_1_32' title='bbox 253 831 543 910; x_wconf 86' lang='lat' dir='ltr'><strong>gentium,</strong></span> <span class='ocrx_word' id='word_1_33' title='bbox 575 828 829 889; x_wconf 82' lang='lat' dir='ltr'><strong>maxime</strong></span> <span class='ocrx_word' id='word_1_34' title='bbox 857 828 1232 908; x_wconf 80' lang='lat' dir='ltr'><strong>Assyriorum</strong></span> <span class='ocrx_word' id='word_1_35' title='bbox 1266 829 1445 890; x_wconf 90' lang='lat' dir='ltr'><strong>rebus</strong></span> <span class='ocrx_word' id='word_1_36' title='bbox 1477 829 1835 908; x_wconf 90' lang='lat' dir='ltr'><strong>praelibatis,</strong></span> <span class='ocrx_word' id='word_1_37' title='bbox 1866 831 2084 909; x_wconf 90' lang='lat' dir='ltr'><strong>quippe</strong></span> <span class='ocrx_word' id='word_1_38' title='bbox 2115 849 2146 890; x_wconf 93' lang='lat' dir='ltr'><strong>a</strong></span> <span class='ocrx_word' id='word_1_39' title='bbox 2177 829 2388 909; x_wconf 90' lang='lat' dir='ltr'><strong>quibus</strong></span> 
     </span>
     <span class='ocr_line' id='line_1_6' title="bbox 251 913 2390 992; baseline -0.001 -15"><span class='ocrx_word' id='word_1_40' title='bbox 251 916 415 988; x_wconf 87' lang='lat' dir='ltr'><strong>illud,</strong></span> <span class='ocrx_word' id='word_1_41' title='bbox 449 915 584 975; x_wconf 92' lang='lat' dir='ltr'><strong>licet</strong></span> <span class='ocrx_word' id='word_1_42' title='bbox 611 915 741 992; x_wconf 91' lang='lat' dir='ltr'><strong>ipsa</strong></span> <span class='ocrx_word' id='word_1_43' title='bbox 772 931 918 990; x_wconf 85' lang='lat' dir='ltr'><strong>gens</strong></span> <span class='ocrx_word' id='word_1_44' title='bbox 951 914 1099 974; x_wconf 92' lang='lat' dir='ltr'><strong>alius</strong></span> <span class='ocrx_word' id='word_1_45' title='bbox 1133 913 1333 992; x_wconf 82' lang='lat' dir='ltr'><strong>stirpis</strong></span> <span class='ocrx_word' id='word_1_46' title='bbox 1358 922 1538 987; x_wconf 90' lang='lat' dir='ltr'><strong>esset,</strong></span> <span class='ocrx_word' id='word_1_47' title='bbox 1570 915 1750 975; x_wconf 91' lang='lat' dir='ltr'><strong>multa</strong></span> <span class='ocrx_word' id='word_1_48' title='bbox 1775 914 1913 975; x_wconf 90' lang='lat' dir='ltr'><strong>etin</strong></span> <span class='ocrx_word' id='word_1_49' title='bbox 1937 914 2204 976; x_wconf 90' lang='lat' dir='ltr'><strong>moribus</strong></span> <span class='ocrx_word' id='word_1_50' title='bbox 2228 913 2390 975; x_wconf 88' lang='lat' dir='ltr'><strong>aulae</strong></span> 
     </span>
     <span class='ocr_line' id='line_1_7' title="bbox 253 997 2390 1078; baseline -0 -17"><span class='ocrx_word' id='word_1_51' title='bbox 253 1008 313 1061; x_wconf 90' lang='lat' dir='ltr'><strong>et</strong></span> <span class='ocrx_word' id='word_1_52' title='bbox 345 999 556 1060; x_wconf 90' lang='lat' dir='ltr'><strong>ceteris</strong></span> <span class='ocrx_word' id='word_1_53' title='bbox 588 999 648 1059; x_wconf 90' lang='lat' dir='ltr'><strong>in</strong></span> <span class='ocrx_word' id='word_1_54' title='bbox 679 998 856 1058; x_wconf 90' lang='lat' dir='ltr'><strong>rebus</strong></span> <span class='ocrx_word' id='word_1_55' title='bbox 888 1017 995 1077; x_wconf 89' lang='lat' dir='ltr'><strong>per</strong></span> <span class='ocrx_word' id='word_1_56' title='bbox 1025 997 1226 1058; x_wconf 83' lang='lat' dir='ltr'><strong>Medos</strong></span> <span class='ocrx_word' id='word_1_57' title='bbox 1255 999 1467 1059; x_wconf 88' lang='lat' dir='ltr'><strong>tradita</strong></span> <span class='ocrx_word' id='word_1_58' title='bbox 1506 999 1843 1078; x_wconf 86' lang='lat' dir='ltr'><strong>accepisset.</strong></span> <span class='ocrx_word' id='word_1_59' title='bbox 1912 998 2070 1059; x_wconf 89' lang='lat' dir='ltr'><strong>ldem</strong></span> <span class='ocrx_word' id='word_1_60' title='bbox 2115 999 2174 1059; x_wconf 92' lang='lat' dir='ltr'><strong>in</strong></span> <span class='ocrx_word' id='word_1_61' title='bbox 2215 1016 2390 1060; x_wconf 89' lang='lat' dir='ltr'><strong>causa</strong></span> 
     </span>
     <span class='ocr_line' id='line_1_8' title="bbox 253 1082 2387 1162; baseline -0.001 -17"><span class='ocrx_word' id='word_1_62' title='bbox 253 1091 381 1145; x_wconf 89' lang='lat' dir='ltr'><strong>erat</strong></span> <span class='ocrx_word' id='word_1_63' title='bbox 414 1102 521 1144; x_wconf 90' lang='lat' dir='ltr'><strong>cur</strong></span> <span class='ocrx_word' id='word_1_64' title='bbox 561 1082 953 1161; x_wconf 86' lang='lat' dir='ltr'><strong>antiquiorem</strong></span> <span class='ocrx_word' id='word_1_65' title='bbox 995 1082 1167 1142; x_wconf 92' lang='lat' dir='ltr'><strong>etiam</strong></span> <span class='ocrx_word' id='word_1_66' title='bbox 1210 1082 1526 1162; x_wconf 86' lang='lat' dir='ltr'><strong>Babylonis</strong></span> <span class='ocrx_word' id='word_1_67' title='bbox 1584 1083 1932 1144; x_wconf 89' lang='lat' dir='ltr'><strong>memoriam</strong></span> <span class='ocrx_word' id='word_1_68' title='bbox 1984 1083 2101 1144; x_wconf 93' lang='lat' dir='ltr'><strong>hoc</strong></span> <span class='ocrx_word' id='word_1_69' title='bbox 2137 1083 2198 1144; x_wconf 91' lang='lat' dir='ltr'><strong>in</strong></span> <span class='ocrx_word' id='word_1_70' title='bbox 2237 1082 2387 1143; x_wconf 87' lang='lat' dir='ltr'><strong>libro</strong></span> 
     </span>
     <span class='ocr_line' id='line_1_9' title="bbox 253 1166 2388 1247; baseline -0.001 -17"><span class='ocrx_word' id='word_1_71' title='bbox 253 1169 541 1247; x_wconf 81' lang='lat' dir='ltr'><strong>aperiret;</strong></span> <span class='ocrx_word' id='word_1_72' title='bbox 578 1166 755 1228; x_wconf 86' lang='lat' dir='ltr'><strong>veluti</strong></span> <span class='ocrx_word' id='word_1_73' title='bbox 802 1167 1024 1227; x_wconf 89' lang='lat' dir='ltr'><strong>dixerat</strong></span> <span class='ocrx_word' id='word_1_74' title='bbox 1053 1167 1125 1227; x_wconf 90' lang='lat' dir='ltr'><strong>de</strong></span> <span class='ocrx_word' id='word_1_75' title='bbox 1155 1185 1336 1245; x_wconf 83' lang='lat' dir='ltr'><strong>regno</strong></span> <span class='ocrx_word' id='word_1_76' title='bbox 1368 1168 1534 1239; x_wconf 87' lang='lat' dir='ltr'><strong>Nini,</strong></span> <span class='ocrx_word' id='word_1_77' title='bbox 1583 1186 1700 1247; x_wconf 89' lang='lat' dir='ltr'><strong>quo</strong></span> <span class='ocrx_word' id='word_1_78' title='bbox 1744 1168 1815 1229; x_wconf 91' lang='lat' dir='ltr'><strong>de</strong></span> <span class='ocrx_word' id='word_1_79' title='bbox 1856 1167 2166 1229; x_wconf 83' lang='lat' dir='ltr'><strong>adhibetur</strong></span> <span class='ocrx_word' id='word_1_80' title='bbox 2211 1187 2242 1228; x_wconf 92' lang='lat' dir='ltr'><strong>a</strong></span> <span class='ocrx_word' id='word_1_81' title='bbox 2273 1166 2388 1227; x_wconf 87' lang='lat' dir='ltr'><strong>Ce-</strong></span> 
     </span>
     <span class='ocr_line' id='line_1_10' title="bbox 251 1251 2386 1332; baseline -0.001 -19"><span class='ocrx_word' id='word_1_82' title='bbox 251 1253 580 1332; x_wconf 89' lang='lat' dir='ltr'><strong>phalaeone</strong></span> <span class='ocrx_word' id='word_1_83' title='bbox 603 1252 663 1312; x_wconf 93' lang='lat' dir='ltr'><strong>in</strong></span> <span class='ocrx_word' id='word_1_84' title='bbox 686 1251 934 1311; x_wconf 88' lang='lat' dir='ltr'><strong>historia</strong></span> <span class='ocrx_word' id='word_1_85' title='bbox 956 1251 1230 1330; x_wconf 80' lang='lat' dir='ltr'><strong>Assyriae</strong></span> <span class='ocrx_word' id='word_1_86' title='bbox 1248 1253 1274 1291; x_wconf 79' lang='lat'>⁵</span> <span class='ocrx_word' id='word_1_87' title='bbox 1292 1254 1369 1327; x_wconf 82' lang='lat'><strong>⁴),</strong></span> <span class='ocrx_word' id='word_1_88' title='bbox 1399 1252 1848 1331; x_wconf 89' lang='lat' dir='ltr'><strong>fabulosamque</strong></span> <span class='ocrx_word' id='word_1_89' title='bbox 1870 1252 2014 1313; x_wconf 89' lang='lat' dir='ltr'><strong>adeo</strong></span> <span class='ocrx_word' id='word_1_90' title='bbox 2040 1251 2386 1312; x_wconf 90' lang='lat' dir='ltr'><strong>Semiramis</strong></span> 
     </span>
     <span class='ocr_line' id='line_1_11' title="bbox 255 1336 2383 1415; baseline -0.001 -18"><span class='ocrx_word' id='word_1_91' title='bbox 255 1346 317 1398; x_wconf 92' lang='lat' dir='ltr'><strong>et</strong></span> <span class='ocrx_word' id='word_1_92' title='bbox 356 1336 756 1415; x_wconf 85' lang='lat' dir='ltr'><strong>Sardanapali,</strong></span> <span class='ocrx_word' id='word_1_93' title='bbox 801 1336 1195 1414; x_wconf 88' lang='lat' dir='ltr'><strong>antiquissimi</strong></span> <span class='ocrx_word' id='word_1_94' title='bbox 1236 1336 1403 1397; x_wconf 90' lang='lat' dir='ltr'><strong>istius</strong></span> <span class='ocrx_word' id='word_1_95' title='bbox 1444 1337 1780 1415; x_wconf 88' lang='lat' dir='ltr'><strong>ingeniosae</strong></span> <span class='ocrx_word' id='word_1_96' title='bbox 1812 1336 2068 1397; x_wconf 90' lang='lat' dir='ltr'><strong>desidiae</strong></span> <span class='ocrx_word' id='word_1_97' title='bbox 2107 1336 2383 1407; x_wconf 80' lang='lat' dir='ltr'><strong>auctoriS,</strong></span> 
     </span>
     <span class='ocr_line' id='line_1_12' title="bbox 252 1419 2383 1500; baseline -0 -18"><span class='ocrx_word' id='word_1_98' title='bbox 252 1421 568 1483; x_wconf 90' lang='lat' dir='ltr'><strong>historiam</strong></span> <span class='ocrx_word' id='word_1_99' title='bbox 602 1421 895 1498; x_wconf 85' lang='lat' dir='ltr'><strong>attigerat,</strong></span> <span class='ocrx_word' id='word_1_100' title='bbox 929 1419 1164 1480; x_wconf 90' lang='lat' dir='ltr'><strong>Graecis</strong></span> <span class='ocrx_word' id='word_1_101' title='bbox 1205 1421 1746 1494; x_wconf 82' lang='lat' dir='ltr'><strong>celebratissimam3</strong></span> <span class='ocrx_word' id='word_1_102' title='bbox 1787 1440 1838 1481; x_wconf 86' lang='lat' dir='ltr'><strong>v.</strong></span> <span class='ocrx_word' id='word_1_103' title='bbox 1877 1422 2170 1500; x_wconf 82' lang='lat' dir='ltr'><strong>Anonym.</strong></span> <span class='ocrx_word' id='word_1_104' title='bbox 2217 1422 2383 1481; x_wconf 89' lang='lat' dir='ltr'><strong>tract.</strong></span> 
     </span>
     <span class='ocr_line' id='line_1_13' title="bbox 255 1504 2383 1585; baseline -0.002 -18"><span class='ocrx_word' id='word_1_105' title='bbox 255 1507 333 1567; x_wconf 91' lang='lat' dir='ltr'><strong>de</strong></span> <span class='ocrx_word' id='word_1_106' title='bbox 362 1506 592 1566; x_wconf 90' lang='lat' dir='ltr'><strong>mulier.</strong></span> <span class='ocrx_word' id='word_1_107' title='bbox 623 1523 715 1583; x_wconf 91' lang='lat' dir='ltr'><strong>ap.</strong></span> <span class='ocrx_word' id='word_1_108' title='bbox 748 1505 1060 1565; x_wconf 89' lang='lat' dir='ltr'><strong>Westerm.</strong></span> <span class='ocrx_word' id='word_1_109' title='bbox 1093 1505 1490 1583; x_wconf 88' lang='lat' dir='ltr'><strong>Paradoxogr.</strong></span> <span class='ocrx_word' id='word_1_110' title='bbox 1522 1525 1580 1585; x_wconf 92' lang='lat' dir='ltr'><strong>p.</strong></span> <span class='ocrx_word' id='word_1_111' title='bbox 1608 1506 1731 1566; x_wconf 84' lang='lat'><strong>215</strong></span> <span class='ocrx_word' id='word_1_112' title='bbox 1764 1505 1837 1565; x_wconf 91' lang='lat' dir='ltr'><strong>de</strong></span> <span class='ocrx_word' id='word_1_113' title='bbox 1865 1506 2080 1566; x_wconf 82' lang='lat' dir='ltr'><strong>Atossa</strong></span> <span class='ocrx_word' id='word_1_114' title='bbox 2110 1504 2383 1581; x_wconf 83' lang='lat' dir='ltr'><strong>viragine,</strong></span> 
     </span>
     <span class='ocr_line' id='line_1_14' title="bbox 255 1589 2384 1670; baseline -0.001 -19"><span class='ocrx_word' id='word_1_115' title='bbox 255 1609 433 1670; x_wconf 91' lang='lat' dir='ltr'><strong>quam</strong></span> <span class='ocrx_word' id='word_1_116' title='bbox 466 1590 719 1669; x_wconf 81' lang='lat' dir='ltr'><strong>primam</strong></span> <span class='ocrx_word' id='word_1_117' title='bbox 751 1590 1007 1650; x_wconf 88' lang='lat' dir='ltr'><strong>narravit</strong></span> <span class='ocrx_word' id='word_1_118' title='bbox 1036 1591 1240 1650; x_wconf 89' lang='lat' dir='ltr'><strong>tiaram</strong></span> <span class='ocrx_word' id='word_1_119' title='bbox 1272 1598 1552 1668; x_wconf 83' lang='lat' dir='ltr'><strong>gestasse,</strong></span> <span class='ocrx_word' id='word_1_120' title='bbox 1584 1590 1942 1669; x_wconf 90' lang='lat' dir='ltr'><strong>braccasque</strong></span> <span class='ocrx_word' id='word_1_121' title='bbox 1981 1597 2039 1650; x_wconf 90' lang='lat' dir='ltr'><strong>et</strong></span> <span class='ocrx_word' id='word_1_122' title='bbox 2077 1589 2384 1650; x_wconf 89' lang='lat' dir='ltr'><strong>eunucho-</strong></span> 
     </span>
     <span class='ocr_line' id='line_1_15' title="bbox 254 1673 2383 1746; baseline -0.001 -11"><span class='ocrx_word' id='word_1_123' title='bbox 254 1694 392 1735; x_wconf 88' lang='lat' dir='ltr'><strong>rum</strong></span> <span class='ocrx_word' id='word_1_124' title='bbox 424 1674 813 1734; x_wconf 86' lang='lat' dir='ltr'><strong>ministerium</strong></span> <span class='ocrx_word' id='word_1_125' title='bbox 848 1673 1201 1745; x_wconf 89' lang='lat' dir='ltr'><strong>adhibuisse,</strong></span> <span class='ocrx_word' id='word_1_126' title='bbox 1227 1675 1298 1735; x_wconf 90' lang='lat' dir='ltr'><strong>cf.</strong></span> <span class='ocrx_word' id='word_1_127' title='bbox 1322 1674 1530 1736; x_wconf 86' lang='lat' dir='ltr'><strong>Donat.</strong></span> <span class='ocrx_word' id='word_1_128' title='bbox 1558 1674 1628 1736; x_wconf 93' lang='lat' dir='ltr'><strong>ad</strong></span> <span class='ocrx_word' id='word_1_129' title='bbox 1662 1674 1896 1736; x_wconf 89' lang='lat' dir='ltr'><strong>Terent.</strong></span> <span class='ocrx_word' id='word_1_130' title='bbox 1926 1673 2196 1735; x_wconf 90' lang='lat' dir='ltr'><strong>Eunuch.</strong></span> <span class='ocrx_word' id='word_1_131' title='bbox 2237 1675 2289 1743; x_wconf 90' lang='lat'><strong>1,</strong></span> <span class='ocrx_word' id='word_1_132' title='bbox 2325 1673 2383 1746; x_wconf 84' lang='lat'><strong>2,</strong></span> 
     </span>
     <span class='ocr_line' id='line_1_16' title="bbox 258 1757 2382 1837; baseline -0.001 -17"><span class='ocrx_word' id='word_1_133' title='bbox 258 1759 362 1831; x_wconf 82' lang='lat'><strong>87,</strong></span> <span class='ocrx_word' id='word_1_134' title='bbox 388 1759 829 1836; x_wconf 85' lang='lat' dir='ltr'><strong>litterarumque</strong></span> <span class='ocrx_word' id='word_1_135' title='bbox 860 1759 1280 1819; x_wconf 88' lang='lat' dir='ltr'><strong>commercium</strong></span> <span class='ocrx_word' id='word_1_136' title='bbox 1304 1761 1558 1837; x_wconf 90' lang='lat' dir='ltr'><strong>primam</strong></span> <span class='ocrx_word' id='word_1_137' title='bbox 1585 1759 1904 1830; x_wconf 89' lang='lat' dir='ltr'><strong>induxisse,</strong></span> <span class='ocrx_word' id='word_1_138' title='bbox 1930 1759 2003 1819; x_wconf 89' lang='lat' dir='ltr'><strong>cf.</strong></span> <span class='ocrx_word' id='word_1_139' title='bbox 2029 1759 2206 1819; x_wconf 87' lang='lat' dir='ltr'><strong>Clem.</strong></span> <span class='ocrx_word' id='word_1_140' title='bbox 2226 1757 2382 1818; x_wconf 81' lang='lat' dir='ltr'><strong>Alex.</strong></span> 
     </span>
     <span class='ocr_line' id='line_1_17' title="bbox 258 1841 2382 1922; baseline -0.001 -18"><span class='ocrx_word' id='word_1_141' title='bbox 258 1844 483 1904; x_wconf 89' lang='lat' dir='ltr'><strong>Strom.</strong></span> <span class='ocrx_word' id='word_1_142' title='bbox 514 1843 557 1916; x_wconf 88' lang='lat'><strong>1,</strong></span> <span class='ocrx_word' id='word_1_143' title='bbox 587 1862 645 1921; x_wconf 91' lang='lat' dir='ltr'><strong>p.</strong></span> <span class='ocrx_word' id='word_1_144' title='bbox 681 1842 803 1903; x_wconf 86' lang='lat'><strong>364</strong></span> <span class='ocrx_word' id='word_1_145' title='bbox 834 1843 920 1914; x_wconf 89' lang='grc' dir='ltr'><strong>Ρ.,</strong></span> <span class='ocrx_word' id='word_1_146' title='bbox 965 1844 1064 1922; x_wconf 92' lang='lat' dir='ltr'><strong>qui</strong></span> <span class='ocrx_word' id='word_1_147' title='bbox 1095 1843 1361 1905; x_wconf 88' lang='lat' dir='ltr'><strong>confudit</strong></span> <span class='ocrx_word' id='word_1_148' title='bbox 1388 1850 1667 1903; x_wconf 83' lang='lat' dir='ltr'><strong>Atossam</strong></span> <span class='ocrx_word' id='word_1_149' title='bbox 1697 1843 1996 1922; x_wconf 80' lang='lat' dir='ltr'><strong>Assyriam</strong></span> <span class='ocrx_word' id='word_1_150' title='bbox 2026 1844 2063 1903; x_wconf 91' lang='lat' dir='ltr'><strong>i.</strong></span> <span class='ocrx_word' id='word_1_151' title='bbox 2095 1862 2145 1903; x_wconf 87' lang='lat' dir='ltr'><strong>e.</strong></span> <span class='ocrx_word' id='word_1_152' title='bbox 2190 1841 2382 1902; x_wconf 91' lang='lat' dir='ltr'><strong>Semi-</strong></span> 
     </span>
     <span class='ocr_line' id='line_1_18' title="bbox 253 1925 2383 2023; baseline -0.001 -35"><span class='ocrx_word' id='word_1_153' title='bbox 253 1928 563 1998; x_wconf 88' lang='lat' dir='ltr'><strong>ramidem,</strong></span> <span class='ocrx_word' id='word_1_154' title='bbox 598 1926 833 1987; x_wconf 89' lang='lat' dir='ltr'><strong>Belochi</strong></span> <span class='ocrx_word' id='word_1_155' title='bbox 863 1927 1057 1998; x_wconf 91' lang='lat' dir='ltr'><strong>filiam,</strong></span> <span class='ocrx_word' id='word_1_156' title='bbox 1092 1947 1142 1987; x_wconf 83' lang='lat' dir='ltr'><strong>v.</strong></span> <span class='ocrx_word' id='word_1_157' title='bbox 1175 1927 1368 1988; x_wconf 90' lang='lat' dir='ltr'><strong>Sturz.</strong></span> <span class='ocrx_word' id='word_1_158' title='bbox 1400 1946 1462 2005; x_wconf 90' lang='lat' dir='ltr'><strong>p.</strong></span> <span class='ocrx_word' id='word_1_159' title='bbox 1500 1928 1618 1986; x_wconf 90' lang='lat'><strong>157</strong></span> <span class='ocrx_word' id='word_1_160' title='bbox 1645 1946 1761 2023; x_wconf 56' lang='lat' dir='ltr'><strong>sq„</strong></span> <span class='ocrx_word' id='word_1_161' title='bbox 1790 1935 1848 1987; x_wconf 93' lang='lat' dir='ltr'><strong>et</strong></span> <span class='ocrx_word' id='word_1_162' title='bbox 1875 1932 2152 1986; x_wconf 90' lang='lat' dir='ltr'><strong>Atossam</strong></span> <span class='ocrx_word' id='word_1_163' title='bbox 2184 1925 2383 1986; x_wconf 89' lang='lat' dir='ltr'><strong>Persi-</strong></span> 
     </span>
     <span class='ocr_line' id='line_1_19' title="bbox 258 2000 2386 2089; baseline -0.001 -16"><span class='ocrx_word' id='word_1_164' title='bbox 258 2031 409 2073; x_wconf 92' lang='lat' dir='ltr'><strong>cam.</strong></span> <span class='ocrx_word' id='word_1_165' title='bbox 482 2011 564 2071; x_wconf 88' lang='lat' dir='ltr'><strong>De</strong></span> <span class='ocrx_word' id='word_1_166' title='bbox 605 2012 1001 2089; x_wconf 89' lang='lat' dir='ltr'><strong>Sardanapalo</strong></span> <span class='ocrx_word' id='word_1_167' title='bbox 1041 2012 1209 2072; x_wconf 89' lang='lat' dir='ltr'><strong>testis</strong></span> <span class='ocrx_word' id='word_1_168' title='bbox 1253 2020 1344 2073; x_wconf 90' lang='lat' dir='ltr'><strong>est</strong></span> <span class='ocrx_word' id='word_1_169' title='bbox 1384 2012 1521 2072; x_wconf 90' lang='lat' dir='ltr'><strong>Sch.</strong></span> <span class='ocrx_word' id='word_1_170' title='bbox 1561 2012 1740 2071; x_wconf 81' lang='lat' dir='ltr'><strong>Arist.</strong></span> <span class='ocrx_word' id='word_1_171' title='bbox 1784 2015 1887 2071; x_wconf 84' lang='lat' dir='ltr'><strong>Av.</strong></span> <span class='ocrx_word' id='word_1_172' title='bbox 1929 2030 1980 2070; x_wconf 84' lang='lat' dir='ltr'><strong>v.</strong></span> <span class='ocrx_word' id='word_1_173' title='bbox 2021 2010 2182 2071; x_wconf 90' lang='lat'><strong>1022</strong></span> <span class='ocrx_word' id='word_1_174' title='bbox 2226 2000 2264 2071; x_wconf 80' lang='grc' dir='ltr'>ὁ</span> <span class='ocrx_word' id='word_1_175' title='bbox 2311 2004 2386 2071; x_wconf 75' lang='grc' dir='ltr'><strong>δὲ</strong></span> 
     </span>
     <span class='ocr_line' id='line_1_20' title="bbox 249 2088 2384 2178; baseline -0 -22"><span class='ocrx_word' id='word_1_176' title='bbox 249 2089 429 2156; x_wconf 65' lang='lat' dir='ltr'><strong>‘El-2..</strong></span> <span class='ocrx_word' id='word_1_177' title='bbox 474 2090 546 2157; x_wconf 77' lang='grc' dir='ltr'><strong>ἐν</strong></span> <span class='ocrx_word' id='word_1_178' title='bbox 585 2095 725 2168; x_wconf 80' lang='grc' dir='ltr'><strong><em>τοῖς</em></strong></span> <span class='ocrx_word' id='word_1_179' title='bbox 765 2096 1123 2175; x_wconf 87' lang='grc' dir='ltr'><strong><em>Περσικοῖς</em></strong></span> <span class='ocrx_word' id='word_1_180' title='bbox 1177 2089 1300 2157; x_wconf 81' lang='grc' dir='ltr'><strong>δύο</strong></span> <span class='ocrx_word' id='word_1_181' title='bbox 1352 2091 1523 2178; x_wconf 82' lang='grc' dir='ltr'><strong><em>φησὶ</em></strong></span> <span class='ocrx_word' id='word_1_182' title='bbox 1575 2088 2141 2175; x_wconf 78' lang='grc' dir='ltr'><strong><em>Σαρδαναπάλους</em></strong></span> <span class='ocrx_word' id='word_1_183' title='bbox 2194 2112 2384 2175; x_wconf 78' lang='grc' dir='ltr'><strong><em>γεγο-</em></strong></span> 
     </span>
     <span class='ocr_line' id='line_1_21' title="bbox 255 2175 2381 2258; baseline -0.001 -17"><span class='ocrx_word' id='word_1_184' title='bbox 255 2175 584 2256; x_wconf 76' lang='grc' dir='ltr'>νέναι55),</span> <span class='ocrx_word' id='word_1_185' title='bbox 628 2181 785 2240; x_wconf 92' lang='lat' dir='ltr'><strong>unde</strong></span> <span class='ocrx_word' id='word_1_186' title='bbox 819 2179 1157 2258; x_wconf 87' lang='lat' dir='ltr'><strong>intelligitur</strong></span> <span class='ocrx_word' id='word_1_187' title='bbox 1183 2181 1297 2241; x_wconf 93' lang='lat' dir='ltr'><strong>iam</strong></span> <span class='ocrx_word' id='word_1_188' title='bbox 1323 2180 1691 2243; x_wconf 78' lang='lat' dir='ltr'><strong>Hellanicum</strong></span> <span class='ocrx_word' id='word_1_189' title='bbox 1732 2181 1849 2241; x_wconf 89' lang='lat' dir='ltr'><strong>isto</strong></span> <span class='ocrx_word' id='word_1_190' title='bbox 1881 2180 2381 2257; x_wconf 89' lang='lat' dir='ltr'><strong>chronologorum</strong></span> 
     </span>
     <span class='ocr_line' id='line_1_22' title="bbox 259 2264 2383 2343; baseline -0.002 -17"><span class='ocrx_word' id='word_1_191' title='bbox 259 2265 506 2327; x_wconf 87' lang='lat' dir='ltr'><strong>artificio</strong></span> <span class='ocrx_word' id='word_1_192' title='bbox 538 2283 714 2324; x_wconf 90' lang='lat' dir='ltr'><strong>usum</strong></span> <span class='ocrx_word' id='word_1_193' title='bbox 747 2284 907 2336; x_wconf 91' lang='lat' dir='ltr'><strong>esse,</strong></span> <span class='ocrx_word' id='word_1_194' title='bbox 948 2265 996 2324; x_wconf 91' lang='lat' dir='ltr'><strong>si</strong></span> <span class='ocrx_word' id='word_1_195' title='bbox 1027 2273 1363 2343; x_wconf 90' lang='lat' dir='ltr'><strong>temporum</strong></span> <span class='ocrx_word' id='word_1_196' title='bbox 1405 2265 1555 2325; x_wconf 91' lang='lat' dir='ltr'><strong>ratio</strong></span> <span class='ocrx_word' id='word_1_197' title='bbox 1598 2265 1881 2343; x_wconf 91' lang='lat' dir='ltr'><strong>quadrare</strong></span> <span class='ocrx_word' id='word_1_198' title='bbox 1918 2265 2090 2336; x_wconf 90' lang='lat' dir='ltr'><strong>nolit,</strong></span> <span class='ocrx_word' id='word_1_199' title='bbox 2123 2264 2275 2325; x_wconf 89' lang='lat' dir='ltr'><strong>duos</strong></span> <span class='ocrx_word' id='word_1_200' title='bbox 2312 2282 2383 2323; x_wconf 87' lang='lat' dir='ltr'><strong>ex</strong></span> 
     </span>
     <span class='ocr_line' id='line_1_23' title="bbox 258 2348 2384 2428; baseline -0.001 -18"><span class='ocrx_word' id='word_1_201' title='bbox 258 2350 469 2410; x_wconf 89' lang='lat' dir='ltr'><strong>eodem</strong></span> <span class='ocrx_word' id='word_1_202' title='bbox 503 2349 776 2409; x_wconf 91' lang='lat' dir='ltr'><strong>homines</strong></span> <span class='ocrx_word' id='word_1_203' title='bbox 807 2350 1193 2426; x_wconf 89' lang='lat' dir='ltr'><strong>cognomines</strong></span> <span class='ocrx_word' id='word_1_204' title='bbox 1225 2350 1606 2428; x_wconf 89' lang='lat' dir='ltr'><strong>procudendi,</strong></span> <span class='ocrx_word' id='word_1_205' title='bbox 1638 2349 1695 2409; x_wconf 92' lang='lat' dir='ltr'><strong>id</strong></span> <span class='ocrx_word' id='word_1_206' title='bbox 1730 2349 1887 2427; x_wconf 91' lang='lat' dir='ltr'><strong>quod</strong></span> <span class='ocrx_word' id='word_1_207' title='bbox 1918 2350 1980 2409; x_wconf 91' lang='lat' dir='ltr'><strong>in</strong></span> <span class='ocrx_word' id='word_1_208' title='bbox 2003 2348 2384 2409; x_wconf 89' lang='lat' dir='ltr'><strong>Semiramide</strong></span> 
     </span>
     <span class='ocr_line' id='line_1_24' title="bbox 260 2433 2380 2512; baseline -0.001 -18"><span class='ocrx_word' id='word_1_209' title='bbox 260 2453 496 2512; x_wconf 92' lang='lat' dir='ltr'><strong>quoque</strong></span> <span class='ocrx_word' id='word_1_210' title='bbox 534 2433 746 2494; x_wconf 89' lang='lat' dir='ltr'><strong>fecisse</strong></span> <span class='ocrx_word' id='word_1_211' title='bbox 776 2435 1021 2495; x_wconf 84' lang='lat' dir='ltr'><strong>videtur.</strong></span> <span class='ocrx_word' id='word_1_212' title='bbox 1094 2433 1353 2512; x_wconf 88' lang='lat' dir='ltr'><strong>Denique</strong></span> <span class='ocrx_word' id='word_1_213' title='bbox 1393 2434 1599 2494; x_wconf 90' lang='lat' dir='ltr'><strong>eodem</strong></span> <span class='ocrx_word' id='word_1_214' title='bbox 1641 2433 1789 2493; x_wconf 90' lang='lat' dir='ltr'><strong>libro</strong></span> <span class='ocrx_word' id='word_1_215' title='bbox 1834 2434 2004 2494; x_wconf 88' lang='lat' dir='ltr'><strong>etiam</strong></span> <span class='ocrx_word' id='word_1_216' title='bbox 2047 2434 2120 2493; x_wconf 90' lang='lat' dir='ltr'><strong>de</strong></span> <span class='ocrx_word' id='word_1_217' title='bbox 2156 2433 2380 2494; x_wconf 90' lang='lat' dir='ltr'><strong>Phineo</strong></span> 
     </span>
     <span class='ocr_line' id='line_1_25' title="bbox 259 2516 2382 2597; baseline -0.001 -19"><span class='ocrx_word' id='word_1_218' title='bbox 259 2519 465 2597; x_wconf 90' lang='lat' dir='ltr'><strong>eisque</strong></span> <span class='ocrx_word' id='word_1_219' title='bbox 495 2518 797 2596; x_wconf 88' lang='lat' dir='ltr'><strong>gentibus,</strong></span> <span class='ocrx_word' id='word_1_220' title='bbox 841 2536 992 2596; x_wconf 88' lang='lat' dir='ltr'><strong>quae</strong></span> <span class='ocrx_word' id='word_1_221' title='bbox 1021 2517 1195 2578; x_wconf 92' lang='lat' dir='ltr'><strong>huius</strong></span> <span class='ocrx_word' id='word_1_222' title='bbox 1239 2518 1486 2579; x_wconf 90' lang='lat' dir='ltr'><strong>dicionis</strong></span> <span class='ocrx_word' id='word_1_223' title='bbox 1522 2518 1705 2578; x_wconf 89' lang='lat' dir='ltr'><strong>fuisse</strong></span> <span class='ocrx_word' id='word_1_224' title='bbox 1734 2517 2127 2588; x_wconf 87' lang='lat' dir='ltr'><strong>tradebantur,</strong></span> <span class='ocrx_word' id='word_1_225' title='bbox 2160 2516 2382 2577; x_wconf 92' lang='lat' dir='ltr'><strong>dictum</strong></span> 
     </span>
     <span class='ocr_line' id='line_1_26' title="bbox 259 2593 2392 2704; baseline -0.001 -41"><span class='ocrx_word' id='word_1_226' title='bbox 259 2598 447 2663; x_wconf 84' lang='lat' dir='ltr'><strong>fuisse</strong></span> <span class='ocrx_word' id='word_1_227' title='bbox 478 2602 753 2673; x_wconf 89' lang='lat' dir='ltr'><strong>arbitror,</strong></span> <span class='ocrx_word' id='word_1_228' title='bbox 786 2622 902 2681; x_wconf 92' lang='lat' dir='ltr'><strong>quo</strong></span> <span class='ocrx_word' id='word_1_229' title='bbox 933 2602 1072 2662; x_wconf 88' lang='lat' dir='ltr'><strong>facit</strong></span> <span class='ocrx_word' id='word_1_230' title='bbox 1102 2602 1238 2663; x_wconf 90' lang='lat' dir='ltr'><strong>Sch.</strong></span> <span class='ocrx_word' id='word_1_231' title='bbox 1269 2607 1379 2704; x_wconf 71' lang='lat' dir='ltr'><strong>Ap.</strong></span> <span class='ocrx_word' id='word_1_232' title='bbox 1410 2602 1478 2674; x_wconf 93' lang='grc' dir='ltr'><strong>Π,</strong></span> <span class='ocrx_word' id='word_1_233' title='bbox 1515 2602 1634 2663; x_wconf 82' lang='lat'><strong>178</strong></span> <span class='ocrx_word' id='word_1_234' title='bbox 1666 2593 2020 2684; x_wconf 76' lang='grc' dir='ltr'><strong><em>Ἀγήνορος</em></strong></span> <span class='ocrx_word' id='word_1_235' title='bbox 2063 2596 2192 2697; x_wconf 74' lang='grc' dir='ltr'><strong>γὰρ</strong></span> <span class='ocrx_word' id='word_1_236' title='bbox 2226 2600 2392 2674; x_wconf 83' lang='grc' dir='ltr'><strong><em>παῖς</em></strong></span> 
     </span>
     <span class='ocr_line' id='line_1_27' title="bbox 260 2676 2390 2787; baseline -0.002 -38"><span class='ocrx_word' id='word_1_237' title='bbox 260 2681 443 2749; x_wconf 77' lang='grc' dir='ltr'><strong><em>ἐστὶν</em></strong></span> <span class='ocrx_word' id='word_1_238' title='bbox 492 2682 802 2761; x_wconf 73' lang='grc' dir='ltr'>(Φινεὺς),</span> <span class='ocrx_word' id='word_1_239' title='bbox 863 2676 954 2760; x_wconf 79' lang='grc' dir='ltr'><strong>ὦς</strong></span> <span class='ocrx_word' id='word_1_240' title='bbox 988 2677 1153 2747; x_wconf 82' lang='grc' dir='ltr'><strong><em>Ἑλλ.</em></strong></span> <span class='ocrx_word' id='word_1_241' title='bbox 1201 2722 1284 2732; x_wconf 92' lang='grc'>-</span> <span class='ocrx_word' id='word_1_242' title='bbox 1329 2681 1502 2748; x_wconf 80' lang='grc' dir='ltr'><strong><em>ε’νιοι</em></strong></span> <span class='ocrx_word' id='word_1_243' title='bbox 1559 2680 1635 2747; x_wconf 78' lang='grc' dir='ltr'><strong>δὲ</strong></span> <span class='ocrx_word' id='word_1_244' title='bbox 1687 2678 1933 2762; x_wconf 78' lang='grc' dir='ltr'><strong>(αὐτὸν)</strong></span> <span class='ocrx_word' id='word_1_245' title='bbox 1988 2680 2057 2747; x_wconf 79' lang='grc' dir='ltr'><strong>ἐν</strong></span> <span class='ocrx_word' id='word_1_246' title='bbox 2107 2706 2188 2787; x_wconf 66' lang='grc' dir='ltr'><strong>τῃ</strong></span> <span class='ocrx_word' id='word_1_247' title='bbox 2243 2686 2390 2745; x_wconf 85' lang='grc' dir='ltr'><strong>Πα-</strong></span> 
     </span>
     <span class='ocr_line' id='line_1_28' title="bbox 262 2758 2391 2854; baseline -0.001 -22"><span class='ocrx_word' id='word_1_248' title='bbox 262 2763 595 2854; x_wconf 79' lang='grc' dir='ltr'><strong><em>φλαγονίᾳ</em></strong></span> <span class='ocrx_word' id='word_1_249' title='bbox 638 2767 1036 2850; x_wconf 73' lang='grc' dir='ltr'><strong><em>βασιλεῦσαι</em></strong></span> <span class='ocrx_word' id='word_1_250' title='bbox 1084 2762 1478 2851; x_wconf 75' lang='grc' dir='ltr'><strong><em>ἱστοροῦσιν,</em></strong></span> <span class='ocrx_word' id='word_1_251' title='bbox 1523 2762 1673 2852; x_wconf 81' lang='grc' dir='ltr'><strong><em>ἥτις</em></strong></span> <span class='ocrx_word' id='word_1_252' title='bbox 1700 2763 1844 2830; x_wconf 74' lang='grc' dir='ltr'><strong><em>ἐστὶ</em></strong></span> <span class='ocrx_word' id='word_1_253' title='bbox 1871 2765 1991 2851; x_wconf 81' lang='grc' dir='ltr'><strong>τῆς</strong></span> <span class='ocrx_word' id='word_1_254' title='bbox 2018 2760 2266 2843; x_wconf 78' lang='grc' dir='ltr'><strong>Ἀσιας,</strong></span> <span class='ocrx_word' id='word_1_255' title='bbox 2300 2758 2391 2842; x_wconf 77' lang='grc' dir='ltr'><strong>ὥς</strong></span> 
     </span>
     <span class='ocr_line' id='line_1_29' title="bbox 253 2850 2391 2934; baseline -0.002 -18"><span class='ocrx_word' id='word_1_256' title='bbox 253 2850 421 2917; x_wconf 65' lang='lat' dir='ltr'><strong>‘Ei-Z.</strong></span> <span class='ocrx_word' id='word_1_257' title='bbox 470 2855 666 2934; x_wconf 80' lang='lat' dir='ltr'><strong>[psam</strong></span> <span class='ocrx_word' id='word_1_258' title='bbox 698 2855 961 2915; x_wconf 90' lang='lat' dir='ltr'><strong>Persiam</strong></span> <span class='ocrx_word' id='word_1_259' title='bbox 995 2856 1234 2934; x_wconf 91' lang='lat' dir='ltr'><strong>antiquo</strong></span> <span class='ocrx_word' id='word_1_260' title='bbox 1265 2855 1507 2915; x_wconf 90' lang='lat' dir='ltr'><strong>nomine</strong></span> <span class='ocrx_word' id='word_1_261' title='bbox 1529 2853 1855 2932; x_wconf 88' lang='lat' dir='ltr'><strong>appellabat</strong></span> <span class='ocrx_word' id='word_1_262' title='bbox 1878 2854 2008 2914; x_wconf 81' lang='lat' dir='ltr'><strong>Aria</strong></span> <span class='ocrx_word' id='word_1_263' title='bbox 2029 2855 2149 2927; x_wconf 76' lang='grc'><strong>56),</strong></span> <span class='ocrx_word' id='word_1_264' title='bbox 2179 2870 2391 2931; x_wconf 86' lang='lat' dir='ltr'><strong>genere</strong></span> 
     </span>
     <span class='ocr_line' id='line_1_30' title="bbox 261 2928 2388 3019; baseline -0 -20"><span class='ocrx_word' id='word_1_265' title='bbox 261 2949 498 3011; x_wconf 85' lang='lat' dir='ltr'><strong>neutr0,</strong></span> <span class='ocrx_word' id='word_1_266' title='bbox 539 2940 948 3019; x_wconf 86' lang='lat' dir='ltr'><strong>populumque</strong></span> <span class='ocrx_word' id='word_1_267' title='bbox 984 2940 1190 3010; x_wconf 76' lang='lat' dir='ltr'><strong>ArioS,</strong></span> <span class='ocrx_word' id='word_1_268' title='bbox 1233 2959 1284 3000; x_wconf 85' lang='lat' dir='ltr'><strong>v.</strong></span> <span class='ocrx_word' id='word_1_269' title='bbox 1328 2939 1414 3000; x_wconf 90' lang='lat' dir='ltr'><strong>St.</strong></span> <span class='ocrx_word' id='word_1_270' title='bbox 1446 2939 1510 2999; x_wconf 91' lang='lat' dir='ltr'><strong>B.</strong></span> <span class='ocrx_word' id='word_1_271' title='bbox 1553 2958 1604 2998; x_wconf 86' lang='lat' dir='ltr'><strong>v.</strong></span> <span class='ocrx_word' id='word_1_272' title='bbox 1640 2928 1860 3019; x_wconf 73' lang='grc' dir='ltr'><strong><em>ἶἈρὶα.</em></strong></span> <span class='ocrx_word' id='word_1_273' title='bbox 1933 2939 2136 2998; x_wconf 89' lang='lat' dir='ltr'><strong>Medos</strong></span> <span class='ocrx_word' id='word_1_274' title='bbox 2177 2957 2314 2999; x_wconf 84' lang='lat' dir='ltr'><strong>vero</strong></span> <span class='ocrx_word' id='word_1_275' title='bbox 2357 2957 2388 2998; x_wconf 91' lang='lat' dir='ltr'><strong>a</strong></span> 
     </span>
     <span class='ocr_line' id='line_1_31' title="bbox 262 3021 2388 3104; baseline -0.001 -19"><span class='ocrx_word' id='word_1_276' title='bbox 262 3025 586 3104; x_wconf 83' lang='lat' dir='ltr'><strong>Polyxenu,</strong></span> <span class='ocrx_word' id='word_1_277' title='bbox 632 3024 749 3084; x_wconf 89' lang='lat' dir='ltr'><strong>filio</strong></span> <span class='ocrx_word' id='word_1_278' title='bbox 795 3024 1028 3085; x_wconf 85' lang='lat' dir='ltr'><strong>Medeae</strong></span> <span class='ocrx_word' id='word_1_279' title='bbox 1072 3032 1130 3084; x_wconf 93' lang='lat' dir='ltr'><strong>et</strong></span> <span class='ocrx_word' id='word_1_280' title='bbox 1157 3024 1406 3096; x_wconf 76' lang='lat' dir='ltr'><strong>IasoniS,</strong></span> <span class='ocrx_word' id='word_1_281' title='bbox 1445 3023 1772 3102; x_wconf 89' lang='lat' dir='ltr'><strong>repetebat,</strong></span> <span class='ocrx_word' id='word_1_282' title='bbox 1814 3043 1864 3086; x_wconf 86' lang='lat' dir='ltr'><strong>v.</strong></span> <span class='ocrx_word' id='word_1_283' title='bbox 1912 3023 2087 3083; x_wconf 88' lang='lat' dir='ltr'><strong>Paus.</strong></span> <span class='ocrx_word' id='word_1_284' title='bbox 2124 3023 2194 3095; x_wconf 88' lang='lat' dir='ltr'><strong>ll,</strong></span> <span class='ocrx_word' id='word_1_285' title='bbox 2238 3022 2296 3094; x_wconf 87' lang='lat'><strong>3,</strong></span> <span class='ocrx_word' id='word_1_286' title='bbox 2328 3021 2388 3095; x_wconf 89' lang='lat'><strong>8,</strong></span> 
     </span>
     <span class='ocr_line' id='line_1_32' title="bbox 265 3107 2389 3187; baseline -0.001 -19"><span class='ocrx_word' id='word_1_287' title='bbox 265 3109 752 3169; x_wconf 86' lang='lat' dir='ltr'><strong>dissentientibus</strong></span> <span class='ocrx_word' id='word_1_288' title='bbox 785 3107 1024 3179; x_wconf 79' lang='lat' dir='ltr'><strong>ceteriS,</strong></span> <span class='ocrx_word' id='word_1_289' title='bbox 1080 3109 1181 3187; x_wconf 91' lang='lat' dir='ltr'><strong>qui</strong></span> <span class='ocrx_word' id='word_1_290' title='bbox 1220 3109 1404 3169; x_wconf 88' lang='lat' dir='ltr'><strong>filium</strong></span> <span class='ocrx_word' id='word_1_291' title='bbox 1437 3109 1609 3186; x_wconf 81' lang='lat' dir='ltr'><strong>Aegei</strong></span> <span class='ocrx_word' id='word_1_292' title='bbox 1650 3107 1836 3168; x_wconf 89' lang='lat' dir='ltr'><strong>fuisse</strong></span> <span class='ocrx_word' id='word_1_293' title='bbox 1865 3107 2133 3186; x_wconf 85' lang='lat' dir='ltr'><strong>Medique</strong></span> <span class='ocrx_word' id='word_1_294' title='bbox 2169 3125 2389 3167; x_wconf 91' lang='lat' dir='ltr'><strong>nomen</strong></span> 
     </span>
     <span class='ocr_line' id='line_1_33' title="bbox 266 3192 1126 3269; baseline 0 -16"><span class='ocrx_word' id='word_1_295' title='bbox 266 3192 547 3254; x_wconf 89' lang='lat' dir='ltr'><strong>habuisse</strong></span> <span class='ocrx_word' id='word_1_296' title='bbox 577 3192 987 3254; x_wconf 87' lang='lat' dir='ltr'><strong>memorabant</strong></span> <span class='ocrx_word' id='word_1_297' title='bbox 1003 3194 1029 3233; x_wconf 80' lang='lat'>⁵</span> <span class='ocrx_word' id='word_1_298' title='bbox 1048 3194 1126 3269; x_wconf 81' lang='lat'><strong>⁷).</strong></span> 
     </span>
    </p>
   </div>
   <div class='ocr_carea' id='block_1_3' title="bbox 264 3309 669 3320">
    <p class='ocr_par' dir='ltr' id='par_1_3' title="bbox 264 3309 669 3320">
     <span class='ocr_line' id='line_1_34' title="bbox 264 3309 669 3320; baseline 0 1397"><span class='ocrx_word' id='word_1_299' title='bbox 264 3309 669 3320; x_wconf 95' lang='lat' dir='ltr'><strong> </strong></span> 
     </span>
    </p>
   </div>
   <div class='ocr_carea' id='block_1_4' title="bbox 263 3356 2391 3762">
    <p class='ocr_par' dir='ltr' id='par_1_4' title="bbox 263 3356 2391 3762">
     <span class='ocr_line' id='line_1_35' title="bbox 407 3356 2388 3425; baseline -0.002 -16"><span class='ocrx_word' id='word_1_300' title='bbox 407 3360 492 3421; x_wconf 82' lang='lat'><strong>54)</strong></span> <span class='ocrx_word' id='word_1_301' title='bbox 532 3358 594 3408; x_wconf 92' lang='lat' dir='ltr'><strong>V.</strong></span> <span class='ocrx_word' id='word_1_302' title='bbox 620 3359 809 3409; x_wconf 89' lang='lat' dir='ltr'><strong>Euseb.</strong></span> <span class='ocrx_word' id='word_1_303' title='bbox 835 3359 1017 3410; x_wconf 89' lang='lat' dir='ltr'><strong>Chrou.</strong></span> <span class='ocrx_word' id='word_1_304' title='bbox 1045 3357 1082 3423; x_wconf 86' lang='lat' dir='ltr'><strong>l,</strong></span> <span class='ocrx_word' id='word_1_305' title='bbox 1103 3376 1147 3409; x_wconf 88' lang='lat' dir='ltr'><strong>c.</strong></span> <span class='ocrx_word' id='word_1_306' title='bbox 1172 3360 1233 3409; x_wconf 85' lang='lat'><strong>15</strong></span> <span class='ocrx_word' id='word_1_307' title='bbox 1257 3374 1334 3424; x_wconf 82' lang='lat' dir='ltr'><strong>ap.</strong></span> <span class='ocrx_word' id='word_1_308' title='bbox 1360 3360 1480 3410; x_wconf 78' lang='lat' dir='ltr'><strong>Mai.</strong></span> <span class='ocrx_word' id='word_1_309' title='bbox 1501 3360 1684 3425; x_wconf 84' lang='lat' dir='ltr'><strong>Script.</strong></span> <span class='ocrx_word' id='word_1_310' title='bbox 1710 3366 1836 3410; x_wconf 83' lang='lat' dir='ltr'><strong>vett.</strong></span> <span class='ocrx_word' id='word_1_311' title='bbox 1863 3359 1960 3408; x_wconf 88' lang='lat' dir='ltr'><strong>col.</strong></span> <span class='ocrx_word' id='word_1_312' title='bbox 1988 3357 2048 3408; x_wconf 89' lang='lat' dir='ltr'><strong>T.</strong></span> <span class='ocrx_word' id='word_1_313' title='bbox 2069 3356 2201 3416; x_wconf 85' lang='lat' dir='ltr'><strong>vm,</strong></span> <span class='ocrx_word' id='word_1_314' title='bbox 2221 3374 2267 3424; x_wconf 89' lang='lat' dir='ltr'><strong>p.</strong></span> <span class='ocrx_word' id='word_1_315' title='bbox 2293 3358 2388 3418; x_wconf 77' lang='lat'><strong>413</strong></span> 
     </span>
     <span class='ocr_line' id='line_1_36' title="bbox 266 3423 2389 3493; baseline -0 -17"><span class='ocrx_word' id='word_1_316' title='bbox 266 3424 330 3476; x_wconf 84' lang='lat' dir='ltr'><strong>cf.</strong></span> <span class='ocrx_word' id='word_1_317' title='bbox 368 3427 403 3477; x_wconf 94' lang='lat' dir='ltr'><strong>S</strong></span> <span class='ocrx_word' id='word_1_318' title='bbox 446 3427 594 3476; x_wconf 86' lang='lat' dir='ltr'><strong>ncell.</strong></span> <span class='ocrx_word' id='word_1_319' title='bbox 631 3426 812 3477; x_wconf 88' lang='lat' dir='ltr'><strong>Chron.</strong></span> <span class='ocrx_word' id='word_1_320' title='bbox 848 3443 896 3492; x_wconf 92' lang='lat' dir='ltr'><strong>p.</strong></span> <span class='ocrx_word' id='word_1_321' title='bbox 928 3426 1021 3476; x_wconf 89' lang='grc'><strong>167</strong></span> <span class='ocrx_word' id='word_1_322' title='bbox 1062 3429 1124 3477; x_wconf 86' lang='grc' dir='ltr'><strong>Α.</strong></span> <span class='ocrx_word' id='word_1_323' title='bbox 1197 3427 1271 3476; x_wconf 89' lang='lat' dir='ltr'><strong>De</strong></span> <span class='ocrx_word' id='word_1_324' title='bbox 1307 3426 1653 3493; x_wconf 83' lang='lat' dir='ltr'><strong>Cephalaeone</strong></span> <span class='ocrx_word' id='word_1_325' title='bbox 1687 3443 1736 3477; x_wconf 84' lang='lat' dir='ltr'><strong>v.</strong></span> <span class='ocrx_word' id='word_1_326' title='bbox 1773 3425 1998 3476; x_wconf 86' lang='lat' dir='ltr'><strong>Niebuhr</strong></span> <span class='ocrx_word' id='word_1_327' title='bbox 2029 3426 2097 3476; x_wconf 83' lang='lat' dir='ltr'><strong>kl.</strong></span> <span class='ocrx_word' id='word_1_328' title='bbox 2133 3423 2389 3476; x_wconf 78' lang='lat' dir='ltr'><strong>Schriften</strong></span> 
     </span>
     <span class='ocr_line' id='line_1_37' title="bbox 263 3494 2388 3631; baseline -0 -21"><span class='ocrx_word' id='word_1_329' title='bbox 263 3510 311 3560; x_wconf 47' lang='grc' dir='ltr'><strong>Ρ.</strong></span> <span class='ocrx_word' id='word_1_330' title='bbox 341 3494 769 3631; x_wconf 60' lang='lat' dir='ltr'><strong>18t&#39;&gt;})&#39;Sequitur</strong></span> <span class='ocrx_word' id='word_1_331' title='bbox 803 3562 1121 3611; x_wconf 85' lang='lat' dir='ltr'><strong>tritissimum</strong></span> <span class='ocrx_word' id='word_1_332' title='bbox 1155 3561 1276 3611; x_wconf 91' lang='lat' dir='ltr'><strong>illud</strong></span> <span class='ocrx_word' id='word_1_333' title='bbox 1311 3563 1360 3611; x_wconf 90' lang='lat' dir='ltr'><strong>in</strong></span> <span class='ocrx_word' id='word_1_334' title='bbox 1396 3563 1631 3625; x_wconf 86' lang='lat' dir='ltr'><strong>scholiis,</strong></span> <span class='ocrx_word' id='word_1_335' title='bbox 1668 3564 1747 3618; x_wconf 76' lang='grc' dir='ltr'><strong>εἷς</strong></span> <span class='ocrx_word' id='word_1_336' title='bbox 1768 3558 1832 3611; x_wconf 81' lang='grc' dir='ltr'><strong>τὸ</strong></span> <span class='ocrx_word' id='word_1_337' title='bbox 1859 3555 2019 3624; x_wconf 84' lang='grc' dir='ltr'>αὐτό,</span> <span class='ocrx_word' id='word_1_338' title='bbox 2063 3562 2191 3611; x_wconf 90' lang='lat' dir='ltr'><strong>uude</strong></span> <span class='ocrx_word' id='word_1_339' title='bbox 2217 3561 2388 3610; x_wconf 85' lang='lat' dir='ltr'><strong>Sturz.</strong></span> 
     </span>
     <span class='ocr_line' id='line_1_38' title="bbox 266 3623 2391 3694; baseline -0.001 -15"><span class='ocrx_word' id='word_1_340' title='bbox 266 3627 387 3679; x_wconf 86' lang='lat' dir='ltr'><strong>fecit</strong></span> <span class='ocrx_word' id='word_1_341' title='bbox 412 3632 492 3684; x_wconf 74' lang='grc' dir='ltr'><strong>εἰς</strong></span> <span class='ocrx_word' id='word_1_342' title='bbox 514 3627 577 3679; x_wconf 79' lang='grc' dir='ltr'><strong>δὲ</strong></span> <span class='ocrx_word' id='word_1_343' title='bbox 603 3623 797 3693; x_wconf 81' lang='grc' dir='ltr'>αὐτῶν,</span> <span class='ocrx_word' id='word_1_344' title='bbox 831 3630 975 3693; x_wconf 83' lang='lat' dir='ltr'><strong>[quae</strong></span> <span class='ocrx_word' id='word_1_345' title='bbox 999 3631 1218 3683; x_wconf 66' lang='lat' dir='ltr'><strong>mutatio</strong></span> <span class='ocrx_word' id='word_1_346' title='bbox 1236 3630 1402 3694; x_wconf 84' lang='lat' dir='ltr'><strong>placet</strong></span> <span class='ocrx_word' id='word_1_347' title='bbox 1427 3629 1486 3679; x_wconf 85' lang='lat'><strong>0.</strong></span> <span class='ocrx_word' id='word_1_348' title='bbox 1510 3629 1756 3679; x_wconf 81' lang='lat' dir='ltr'><strong>Muellero</strong></span> <span class='ocrx_word' id='word_1_349' title='bbox 1782 3630 1844 3679; x_wconf 86' lang='lat' dir='ltr'><strong>de</strong></span> <span class='ocrx_word' id='word_1_350' title='bbox 1869 3629 2099 3679; x_wconf 83' lang='lat' dir='ltr'><strong>Sandone</strong></span> <span class='ocrx_word' id='word_1_351' title='bbox 2124 3636 2177 3679; x_wconf 87' lang='lat' dir='ltr'><strong>et</strong></span> <span class='ocrx_word' id='word_1_352' title='bbox 2202 3629 2391 3679; x_wconf 73' lang='lat' dir='ltr'><strong>Sarda-</strong></span> 
     </span>
     <span class='ocr_line' id='line_1_39' title="bbox 269 3694 1619 3762; baseline 0.001 -17"><span class='ocrx_word' id='word_1_353' title='bbox 269 3697 449 3762; x_wconf 78' lang='lat' dir='ltr'><strong>napalo</strong></span> <span class='ocrx_word' id='word_1_354' title='bbox 478 3713 523 3761; x_wconf 89' lang='lat' dir='ltr'><strong>p.</strong></span> <span class='ocrx_word' id='word_1_355' title='bbox 551 3695 640 3754; x_wconf 76' lang='lat'><strong>313</strong></span> <span class='ocrx_word' id='word_1_356' title='bbox 667 3696 834 3745; x_wconf 83' lang='lat' dir='ltr'><strong>kleine</strong></span> <span class='ocrx_word' id='word_1_357' title='bbox 861 3698 1101 3747; x_wconf 86' lang='lat' dir='ltr'><strong>deutsche</strong></span> <span class='ocrx_word' id='word_1_358' title='bbox 1127 3694 1375 3747; x_wconf 78' lang='lat' dir='ltr'><strong>Schriften</strong></span> <span class='ocrx_word' id='word_1_359' title='bbox 1400 3697 1460 3757; x_wconf 85' lang='lat' dir='ltr'><strong>ll,</strong></span> <span class='ocrx_word' id='word_1_360' title='bbox 1489 3696 1619 3760; x_wconf 89' lang='grc'><strong>106.]</strong></span> 
     </span>
    </p>
   </div>
   <div class='ocr_carea' id='block_1_5' title="bbox 269 3759 2389 3898">
    <p class='ocr_par' dir='ltr' id='par_1_5' title="bbox 269 3759 2389 3898">
     <span class='ocr_line' id='line_1_40' title="bbox 404 3759 2389 3833; baseline -0.002 -20"><span class='ocrx_word' id='word_1_361' title='bbox 404 3763 489 3821; x_wconf 82' lang='grc'><strong>56)</strong></span> <span class='ocrx_word' id='word_1_362' title='bbox 530 3764 771 3813; x_wconf 85' lang='lat' dir='ltr'><strong>Similiter</strong></span> <span class='ocrx_word' id='word_1_363' title='bbox 792 3762 990 3832; x_wconf 79' lang='grc' dir='ltr'><strong><em>Αἷμον</em></strong></span> <span class='ocrx_word' id='word_1_364' title='bbox 1014 3765 1211 3814; x_wconf 86' lang='lat' dir='ltr'><strong>dicebat</strong></span> <span class='ocrx_word' id='word_1_365' title='bbox 1235 3759 1553 3833; x_wconf 77' lang='grc' dir='ltr'><strong>οὐδετέρως,</strong></span> <span class='ocrx_word' id='word_1_366' title='bbox 1578 3766 1795 3830; x_wconf 89' lang='lat' dir='ltr'><strong>itemque</strong></span> <span class='ocrx_word' id='word_1_367' title='bbox 1819 3764 2125 3828; x_wconf 78' lang='lat' dir='ltr'><strong>Hecataeus,</strong></span> <span class='ocrx_word' id='word_1_368' title='bbox 2149 3763 2389 3814; x_wconf 77' lang='lat' dir='ltr'><strong>Eudoxus</strong></span> 
     </span>
     <span class='ocr_line' id='line_1_41' title="bbox 269 3831 1164 3898; baseline 0.001 -18"><span class='ocrx_word' id='word_1_369' title='bbox 269 3832 567 3897; x_wconf 81' lang='lat' dir='ltr'><strong>Dionysius,</strong></span> <span class='ocrx_word' id='word_1_370' title='bbox 594 3831 752 3879; x_wconf 79' lang='lat' dir='ltr'><strong>Bckk.</strong></span> <span class='ocrx_word' id='word_1_371' title='bbox 779 3833 873 3881; x_wconf 88' lang='lat' dir='ltr'><strong>An.</strong></span> <span class='ocrx_word' id='word_1_372' title='bbox 899 3831 936 3892; x_wconf 88' lang='grc' dir='ltr'><strong>Ι,</strong></span> <span class='ocrx_word' id='word_1_373' title='bbox 973 3849 1020 3898; x_wconf 88' lang='lat' dir='ltr'><strong>p.</strong></span> <span class='ocrx_word' id='word_1_374' title='bbox 1049 3831 1164 3881; x_wconf 85' lang='lat'><strong>362.</strong></span> 
     </span>
    </p>
   </div>
   <div class='ocr_carea' id='block_1_6' title="bbox 267 3894 2390 4034">
    <p class='ocr_par' dir='ltr' id='par_1_6' title="bbox 267 3894 2390 4034">
     <span class='ocr_line' id='line_1_42' title="bbox 405 3894 2390 3965; baseline 0 -18"><span class='ocrx_word' id='word_1_375' title='bbox 405 3899 491 3960; x_wconf 78' lang='lat'><strong>57)</strong></span> <span class='ocrx_word' id='word_1_376' title='bbox 529 3899 748 3963; x_wconf 83' lang='lat' dir='ltr'><strong>Antiqua</strong></span> <span class='ocrx_word' id='word_1_377' title='bbox 775 3897 959 3962; x_wconf 86' lang='lat' dir='ltr'><strong>sabula,</strong></span> <span class='ocrx_word' id='word_1_378' title='bbox 985 3916 1035 3949; x_wconf 88' lang='lat' dir='ltr'><strong>v.</strong></span> <span class='ocrx_word' id='word_1_379' title='bbox 1056 3901 1204 3950; x_wconf 76' lang='lat' dir='ltr'><strong>Paua.</strong></span> <span class='ocrx_word' id='word_1_380' title='bbox 1232 3900 1266 3949; x_wconf 92' lang='lat' dir='ltr'><strong>l.</strong></span> <span class='ocrx_word' id='word_1_381' title='bbox 1290 3916 1352 3963; x_wconf 87' lang='lat' dir='ltr'><strong>c.,</strong></span> <span class='ocrx_word' id='word_1_382' title='bbox 1392 3900 1577 3949; x_wconf 86' lang='lat' dir='ltr'><strong>Herod.</strong></span> <span class='ocrx_word' id='word_1_383' title='bbox 1601 3897 1720 3963; x_wconf 82' lang='lat' dir='ltr'><strong>Vll,</strong></span> <span class='ocrx_word' id='word_1_384' title='bbox 1747 3900 1841 3961; x_wconf 78' lang='lat'><strong>623</strong></span> <span class='ocrx_word' id='word_1_385' title='bbox 1894 3900 2129 3965; x_wconf 83' lang='lat' dir='ltr'><strong>Apollod.</strong></span> <span class='ocrx_word' id='word_1_386' title='bbox 2154 3896 2201 3960; x_wconf 90' lang='lat'><strong>1,</strong></span> <span class='ocrx_word' id='word_1_387' title='bbox 2226 3897 2282 3959; x_wconf 88' lang='grc'><strong>9,</strong></span> <span class='ocrx_word' id='word_1_388' title='bbox 2308 3894 2390 3947; x_wconf 87' lang='grc'><strong>28.</strong></span> 
     </span>
     <span class='ocr_line' id='line_1_43' title="bbox 267 3963 2389 4034; baseline -0.001 -18"><span class='ocrx_word' id='word_1_389' title='bbox 267 3967 355 4016; x_wconf 90' lang='lat' dir='ltr'><strong>Sic</strong></span> <span class='ocrx_word' id='word_1_390' title='bbox 378 3963 565 4015; x_wconf 84' lang='lat' dir='ltr'><strong>factum</strong></span> <span class='ocrx_word' id='word_1_391' title='bbox 589 3974 646 4015; x_wconf 90' lang='lat' dir='ltr'><strong>ut</strong></span> <span class='ocrx_word' id='word_1_392' title='bbox 669 3966 883 4027; x_wconf 82' lang='lat' dir='ltr'><strong>Persae,</strong></span> <span class='ocrx_word' id='word_1_393' title='bbox 924 3984 1048 4032; x_wconf 89' lang='lat' dir='ltr'><strong>quos</strong></span> <span class='ocrx_word' id='word_1_394' title='bbox 1080 3965 1358 4017; x_wconf 86' lang='lat' dir='ltr'><strong>fabularum</strong></span> <span class='ocrx_word' id='word_1_395' title='bbox 1384 3967 1689 4018; x_wconf 84' lang='lat' dir='ltr'><strong>Graecarum</strong></span> <span class='ocrx_word' id='word_1_396' title='bbox 1716 3968 1870 4034; x_wconf 87' lang='lat' dir='ltr'><strong>probe</strong></span> <span class='ocrx_word' id='word_1_397' title='bbox 1912 3982 2096 4030; x_wconf 84' lang='lat' dir='ltr'><strong>gnaros</strong></span> <span class='ocrx_word' id='word_1_398' title='bbox 2132 3963 2290 4014; x_wconf 84' lang='lat' dir='ltr'><strong>fuisse</strong></span> <span class='ocrx_word' id='word_1_399' title='bbox 2324 3980 2389 4014; x_wconf 84' lang='lat' dir='ltr'><strong>ex</strong></span> 
     </span>
    </p>
   </div>
   <div class='ocr_carea' id='block_1_7' title="bbox 267 4031 2390 4171">
    <p class='ocr_par' dir='ltr' id='par_1_7' title="bbox 267 4031 2390 4171">
     <span class='ocr_line' id='line_1_44' title="bbox 267 4031 2390 4097; baseline 0 -14"><span class='ocrx_word' id='word_1_400' title='bbox 267 4034 526 4084; x_wconf 80' lang='lat' dir='ltr'><strong>Herodoto</strong></span> <span class='ocrx_word' id='word_1_401' title='bbox 552 4041 767 4096; x_wconf 83' lang='lat' dir='ltr'><strong>constat,</strong></span> <span class='ocrx_word' id='word_1_402' title='bbox 805 4036 1019 4085; x_wconf 86' lang='lat' dir='ltr'><strong>Atticam</strong></span> <span class='ocrx_word' id='word_1_403' title='bbox 1054 4036 1132 4084; x_wconf 90' lang='lat' dir='ltr'><strong>sui</strong></span> <span class='ocrx_word' id='word_1_404' title='bbox 1155 4035 1279 4085; x_wconf 91' lang='lat' dir='ltr'><strong>iuris</strong></span> <span class='ocrx_word' id='word_1_405' title='bbox 1304 4051 1421 4086; x_wconf 86' lang='lat' dir='ltr'><strong>esse</strong></span> <span class='ocrx_word' id='word_1_406' title='bbox 1447 4037 1845 4097; x_wconf 70' lang='lat' dir='ltr'><strong>contenderent,</strong></span> <span class='ocrx_word' id='word_1_407' title='bbox 1877 4051 1925 4085; x_wconf 83' lang='lat' dir='ltr'><strong>v.</strong></span> <span class='ocrx_word' id='word_1_408' title='bbox 1953 4034 2096 4083; x_wconf 91' lang='lat' dir='ltr'><strong>Diod.</strong></span> <span class='ocrx_word' id='word_1_409' title='bbox 2122 4032 2247 4083; x_wconf 85' lang='lat' dir='ltr'><strong>Exc.</strong></span> <span class='ocrx_word' id='word_1_410' title='bbox 2272 4031 2390 4083; x_wconf 74' lang='lat' dir='ltr'><strong>Vnt.</strong></span> 
     </span>
     <span class='ocr_line' id='line_1_45' title="bbox 358 4116 1988 4171; baseline 0.002 -13"><span class='ocrx_word' id='word_1_411' title='bbox 358 4116 597 4161; x_wconf 81' lang='lat' dir='ltr'><strong>Preller.</strong></span> <span class='ocrx_word' id='word_1_412' title='bbox 629 4129 814 4171; x_wconf 79' lang='lat' dir='ltr'><strong>ausgcw.</strong></span> <span class='ocrx_word' id='word_1_413' title='bbox 844 4116 1063 4160; x_wconf 58' lang='lat' dir='ltr'><strong>Anfsatse.</strong></span> <span class='ocrx_word' id='word_1_414' title='bbox 1954 4119 1988 4168; x_wconf 79' lang='grc'>4</span> 
     </span>
    </p>
   </div>
   <div class='ocr_carea' id='block_1_8' title="bbox 2415 1695 2469 1736">
    <p class='ocr_par' dir='ltr' id='par_1_8' title="bbox 2415 1695 2469 1736">
     <span class='ocr_line' id='line_1_46' title="bbox 2415 1695 2469 1736; baseline -0.019 0"><span class='ocrx_word' id='word_1_415' title='bbox 2415 1695 2469 1736; x_wconf 75' lang='lat'><strong>88</strong></span> 
     </span>
    </p>
   </div>
  </div>
 </body>
</html>
