2867 4717
379 945 433 985 10

470 429 573 484 122
1275 431 1371 484 De
1415 431 1522 484 via
1570 446 1761 485 sacra

461 607 614 652 rum.
672 586 939 664 Namque
968 586 1067 647 ubi
1106 605 1267 647 nunc
1295 605 1426 648 rara
1457 586 1717 648 aedificia
1747 587 2221 666 conspiciuntur,
2256 607 2321 650 ea
2352 598 2588 653 constat

468 675 606 735 olim
648 671 845 731 multis
887 670 1030 732 vicis
1062 671 1416 732 suburbanis
1450 670 1820 732 celeberrima
1847 672 2036 733 fuisse
2068 681 2346 753 grataque
2373 676 2585 737 horto-

464 777 618 830 rum,
650 755 899 827 aedium,
922 755 1295 835 templorum,
1320 764 1808 818 ornamentorum
1835 757 2082 836 denique
2106 760 2374 819 omnium
2397 761 2584 822 varie-

464 849 579 905 tate
607 840 899 903 distincta.

636 925 751 987 Sed
798 942 1111 1003 pergamus
1150 925 1526 1004 antiquorum
1564 942 1810 1003 operum
1854 924 2091 1004 vestigia
2122 926 2270 987 duce
2298 928 2585 990 Pausania

465 1012 741 1089 relegere.
802 1010 1088 1070 Memorat
1125 1009 1218 1070 ille
1255 1017 1489 1088 praeter
1528 1009 1793 1089 sepulcra
1821 1010 2080 1090 primum
2113 1011 2348 1072 demum
2379 1013 2584 1074 Lacia-

466 1097 673 1157 darum
714 1112 847 1156 cum
894 1093 1101 1154 sacello
1143 1094 1326 1166 Lacii‚
1365 1094 1563 1156 herois
1595 1094 1898 1175 eponymi‚
1942 1094 2172 1168 deinde,
2212 1095 2311 1156 ubi
2351 1095 2467 1158 iam
2508 1098 2583 1158 ad

465 1180 814 1261 Cephissum
844 1178 1085 1250 accedit,
1109 1197 1268 1239 aram
1293 1179 1541 1258 Zephyri
1565 1186 1622 1240 et
1645 1178 1949 1241 delubrum
1973 1180 2197 1241 Cereris
2222 1186 2391 1260 atque
2412 1181 2585 1255 filiae,

464 1266 819 1345 quibuscum
847 1281 962 1324 una
995 1263 1333 1324 colebantur
1359 1264 1613 1324 Minerva
1642 1271 1702 1325 et
1726 1263 2055 1343 Neptunus
2116 1265 2340 1326 Eodem
2367 1266 2428 1327 in
2449 1265 2582 1328 loco

463 1348 729 1430 perhibet
758 1347 1026 1409 Cererem
1066 1349 1290 1409 narrari
1321 1348 1462 1409 olim
1493 1368 1526 1408 a
1555 1349 1795 1428 Phytalo
1827 1349 2085 1429 hospitio
2116 1357 2416 1428 exceptam
2450 1370 2586 1412 esse

462 1433 802 1514 hospitique
849 1433 943 1492 fici
982 1433 1134 1512 stipe
1178 1432 1392 1494 donata
1420 1433 1666 1512 gratiam
1696 1434 1984 1495 retulisse.
2044 1433 2407 1496 Documento
2452 1454 2584 1497 esse

465 1519 670 1599 quod
653 1537 715 1579 ln
746 1518 1018 1620 sepulcro
1051 1518 1275 1621 Phytali
1303 1517 1664 1620 insculptum
1695 1516 1916 1596 legatur
1946 1518 2334 1597 epigramma.

633 1594 870 1665 ἐνθάδ’
917 1593 1084 1676 α’ναξ
1124 1597 1298 1685 ἣρως
1343 1594 1648 1675 Φύταλός
1691 1621 1860 1664 ποτε
1906 1598 2144 1678 δέξατο
2164 1598 2427 1704 σεμνήν

633 1681 1009 1790 Δήμητραν,
1056 1677 1167 1748 ὅτε
1210 1687 1478 1769 πρῶτον
1521 1677 1793 1770 ὀπώρας
1834 1683 2092 1790 καρπὸν
2135 1679 2383 1772 ἔφηνεν,

633 1762 713 1919 ἲν
750 1767 952 1875 Ιεραν
981 1772 1197 1874 Συκῆν
1239 1772 1507 1875 θνητῶν
1552 1766 1736 1851 γένος
1779 1765 2179 1874 ἐξονομάζει.

669 1852 710 1932 ξ
750 1843 827 1917 οὗ
871 1852 952 1938 δή
998 1852 1200 1935 τιμὰς
1244 1851 1550 1917 Φυτάλου
1596 1848 1849 1936 γένος’
1821 1849 2006 1933 ε’σχεν
2049 1848 2325 1940 αγήρως.

464 1941 725 2003 Deinde
710 1960 771 2002 m
800 1941 934 2042 ipso
966 1939 1166 2001 limine
1196 1941 1416 2044 pontiS‚
1451 1959 1568 2019 quo
1600 1940 1919 2020 Cephissus
1950 1941 2295 2019 iungebatur
2326 1930 2568 2023 (πρὶν’
2538 1961 2577 2023 η

468 2022 782 2111 διαβῆναι
827 2020 940 2086 τὸν
968 2020 1384 2127 Κηφισσόν),
1435 2026 1705 2086 meminit
1741 2026 2114 2088 monumenti
2153 2025 2484 2099 Theodori,
2527 2032 2587 2086 et

463 2119 709 2191 propter
734 2110 894 2171 littus
924 2109 1082 2170 fluvii
1112 2104 1258 2186 (ἐπὶ
1277 2108 1375 2192 τῷ
1402 2112 1715 2192 ποταμῷ)
1747 2111 1865 2171 duo
1897 2109 2206 2171 simulacra
2235 2111 2426 2189 posita
2451 2129 2584 2170 esse

464 2204 688 2269 narrat,
718 2196 960 2255 alterum
991 2194 1444 2267 Mnesimachae‚
1492 2195 1786 2256 alterum
1771 2195 1998 2256 iuvenis
2029 2194 2316 2274 Cephisso
2346 2214 2585 2277 κουρο-
2631 2216 2636 2221 ·

466 2274 693 2364 τρόφῳ
741 2279 962 2340 crinem
1009 2296 1182 2343 suum
1231 2242 1624 2340 detondentiS.
1693 2279 1773 2340 De
1813 2280 1985 2340 demo
2015 2279 2394 2341 Laciadarum
2440 2280 2583 2341 nihil

466 2365 861 2427 adiiciendum
903 2362 1016 2423 nisi
1057 2364 1216 2442 quod
1257 2372 1503 2443 propter
1541 2382 1819 2442 raparum
1860 2365 2265 2426 feracitatem
2251 2383 2306 2425 m
2340 2383 2581 2443 prover-

463 2450 627 2511 bium
668 2449 919 2520 abierat
962 2468 1013 2508 v.
1057 2449 1456 2528 Paroemiogr.
1495 2467 1578 2527 gr.
1620 2449 1711 2509 ed.
1752 2468 1784 2510 a
1832 2450 2088 2511 Leutsch
2128 2455 2185 2510 et
2223 2449 2581 2510 Schneidew.

463 2553 522 2613 p.
554 2535 698 2596 467.
760 2534 842 2594 De
869 2533 1050 2594 heroe
1077 2535 1249 2594 Lacio
1283 2535 1469 2595 varias
1495 2535 1858 2595 coniecturas
1882 2541 2325 2614 proposuerunt
2343 2534 2578 2596 Muelle-

465 2638 567 2680 rus
590 2619 729 2681 Dor.
760 2619 805 2691 I,
838 2617 975 2691 113,
1005 2618 1270 2697 Prolegg.
1304 2619 1545 2699 mythol.
1570 2638 1628 2697 p.
1660 2619 1778 2682 138
1803 2638 1914 2698 sq„
1938 2618 2203 2680 Welcker
2226 2619 2297 2680 de
2319 2619 2459 2699 cycl.
2484 2637 2577 2696 ep.

467 2723 525 2783 p.
560 2704 714 2772 2092
752 2704 825 2763 cf.
865 2702 1205 2764 Grotefend.
1251 2704 1322 2764 de
1364 2704 1516 2765 dem.
1559 2723 1618 2783 p.
1653 2704 1767 2777 293
1813 2703 1912 2765 33.
1975 2703 2055 2763 De
2093 2703 2287 2765 forma
2324 2703 2583 2765 nominis

464 2783 827 2849 Λακιάδαι
868 2807 918 2847 v.
952 2789 1378 2849 Westermann.
1413 2790 1484 2850 ad
1514 2790 1688 2850 Leak.
1722 2789 1794 2849 de
1824 2789 1978 2850 dem.
2008 2789 2122 2849 Att.
2154 2807 2213 2866 p.
2252 2788 2400 2863 139;
2437 2787 2580 2848 229.

465 2873 660 2952 Stipes
699 2873 791 2933 illa
835 2871 958 2943 fici,
1005 2892 1178 2951 quam
1224 2874 1480 2952 primam
1510 2873 1684 2934 Ceres
1724 2879 1969 2952 propter
2008 2872 2330 2952 hospitium
2361 2872 2583 2953 Phytali

463 2976 816 3057 procreasse
854 2955 1178 3027 dicebatur,
1233 2965 1481 3019 aetatem
1526 2960 1737 3019 tulerat
1779 2965 1838 3018 et
1876 2964 2129 3019 testante
2172 2958 2585 3036 epigrammate

463 3042 776 3103 vocabatur
798 3032 966 3122 Ἱερὰ
1008 3037 1202 3124 Συκῆ,
1248 3042 1513 3102 similiter
1541 3050 1718 3143 atque
1740 3042 1884 3103 Icari
1906 3043 2055 3116 vitis,
2079 3060 2280 3145 quam
2278 3042 2453 3103 Liber
2474 3060 2583 3145 pa-

463 3134 554 3188 ter
581 3126 831 3205 primam
865 3133 1102 3200 severat,
1132 3120 1582 3204 appellabatur‘
1562 3124 1704 3210 ιερὰ
1749 3118 2045 3206 ἄμπελος
2088 3127 2209 3186 sive
2240 3118 2579 3209 ἦγητορία,

463 3230 516 3270 v.
548 3211 815 3273 Eustath.
848 3230 906 3289 p.
941 3210 1096 3283 871,
1129 3211 1229 3272 21.
1291 3212 1628 3273 Transierat
1659 3220 1853 3274 autem
1884 3212 2021 3273 illud
2054 3228 2273 3272 nomen
2303 3211 2477 3271 etiam
2511 3210 2583 3271 ad

467 3314 733 3371 omnem,
766 3313 913 3374 quae
952 3295 1105 3357 circa
1134 3314 1358 3358 sacram
1390 3297 1661 3358 arborem
1690 3298 2096 3378 templumque
2126 3295 2350 3357 Cereris
2382 3294 2581 3356 aedifi·

465 3538 558 3588 luit
591 3537 843 3603 toujourS,
879 3545 933 3589 et
963 3539 1040 3589 les
1077 3537 1334 3603 indigeries
1368 3557 1448 3591 me
1482 3537 1803 3590 declarerent
1837 3538 1882 3589 d’
1886 3556 1949 3588 un
1985 3556 2209 3590 commun
2242 3539 2451 3602 accord,
2487 3553 2580 3603 que

460 3605 643 3670 jamais
680 3606 714 3655 il
751 3621 810 3655 ne
836 3607 1088 3673 manquait
1113 3605 1157 3657 d’
1162 3623 1271 3658 ean.
1320 3608 1361 3659 Il
1388 3616 1497 3658 sert
1520 3608 1739 3673 pendant
1763 3614 1873 3657 tout
1895 3606 1929 3656 l’
1936 3604 2062 3658 ete*
2045 3623 2076 3657 a
2112 3622 2321 3658 arr-oser
2344 3607 2421 3656 les
2447 3606 2583 3655 deux

467 3681 608 3725 cents
624 3674 822 3737 jardins
855 3675 936 3740 qui
961 3675 1176 3725 bordent
1199 3691 1282 3725 ses
1309 3679 1534 3739 rivageS,
1568 3682 1619 3726 et
1641 3677 1862 3756 pendant
1884 3681 1996 3725 tout
2021 3674 2054 3724 l‘
2060 3671 2246 3725 biver
2228 3690 2259 3724 a
2284 3673 2582 3737 l’irrigation

467 3744 555 3793 des
581 3742 805 3808 oliviers,
831 3743 952 3792 dont
977 3758 1060 3792 ces
1074 3742 1272 3806 jardins
1298 3752 1414 3793 sont
1437 3759 1711 3825 parsemes
1763 3742 1838 3792 On
1863 3759 1893 3792 a
1919 3740 2166 3807 prauique,
2193 3759 2322 3809 pour
2344 3742 2581 3792 conduire

463 3809 499 3861 Γ
504 3825 614 3874 ean,
642 3811 702 3859 de
727 3781 911 3876 pe’tites
938 3810 1123 3873 rigoles
1149 3818 1203 3860 et
1226 3812 1315 3860 des
1341 3827 1547 3876 especes
1572 3812 1632 3860 de
1658 3808 2178 3874 fosses31'irrigation
2205 3826 2235 3859 a
2260 3806 2404 3859 lieu
2385 3824 2417 3859 a
2432 3809 2580 3871 J'ours

466 3886 519 3928 et
541 3876 571 3928 it
595 3880 778 3927 heures
812 3878 968 3940 fixes,
1003 3894 1064 3928 en
1090 3885 1229 3928 sorte
1263 3895 1356 3944 que
1382 3881 1571 3944 chaque
1590 3879 1758 3942 jardin
1795 3886 1876 3928 est
1898 3875 2079 3928 arros&
2105 3879 2236 3927 deux
2262 3877 2356 3927 fois
2380 3891 2473 3941 par
2496 3890 2579 3924 se-

463 3947 642 3995 maine.
692 3945 766 3995 On
801 3947 1067 4011 compr-end
1101 3947 1226 3996 donc
1260 3961 1316 3995 ce
1350 3963 1446 4011 que
1481 3962 1538 3996 ce
1564 3953 1680 3996 sont
1702 3961 1787 3995 ces
1813 3945 2065 3996 fontaines
2087 3947 2232 3996 vives
2256 3944 2454 4010 κρῆναι
2478 3933 2579 3992 ἀΰ·-

465 4028 627 4073 πνοι,
661 4022 715 4063 et
746 4014 990 4078 pom-quoi
1024 4014 1070 4064 le
1103 4011 1251 4079 poete
1286 4013 1643 4079 (Sophoclesl.
1669 4016 1731 4074 c.)
1765 4015 1840 4064 les
1867 4011 2073 4079 depeint
2095 4013 2246 4063 ainsi.
2272 4009 2581 4079 Κηφισσοέ

463 4076 709 4148 νομάδες
731 4081 994 4150 ῥεέθρων.
