2867 4717
1014 453 1245 505 Lesbio
1282 455 1613 506 historico.
2303 455 2369 505 45

255 620 564 684 conamina
592 619 897 693 translato,
924 618 1063 681 fecit
1092 618 1250 699 quod
1290 619 1549 700 primum
1588 622 1859 700 quodque
1894 621 2236 683 facientibus
2267 639 2367 683 ac·
2396 642 2447 683 ετ

256 708 447 770 cidere
486 707 651 782 solet,
692 706 991 768 adsuetam
1022 706 1589 767 commentationum
1619 707 2167 787 logographicarum
2197 705 2372 767 indo-

256 794 372 854 lem
403 792 702 854 transtulit
737 792 809 853 ad
840 790 897 852 id
929 791 1088 872 quod
1115 791 1298 852 modo
1328 791 1548 853 factum
1578 798 1717 866 erat,
1744 811 2014 854 rumores
2055 792 2370 853 hominum

255 878 587 940 sciscitatus
618 884 736 951 est,
776 883 1084 938 stemmata
1112 883 1283 957 atque
1310 876 1676 956 genealogias
1710 877 2096 957 procudebat‚
2123 876 2375 938 recentia

255 963 496 1025 miscuit
522 962 796 1042 antiquis
861 961 976 1023 Sed
1006 961 1079 1023 ad
1108 961 1534 1040 expositionem
1568 961 1721 1023 illam
1751 959 1867 1046 τῆς
1896 981 2375 1024 πεντακονταε-

253 1042 423 1124 τίας,
456 1066 632 1128 quam
663 1047 803 1109 dicit
824 1045 1214 1127 Thucydides,
1245 1047 1453 1109 unicus
1485 1047 1581 1127 qui
1612 1066 1680 1108 ex
1704 1055 1912 1128 quarto
1942 1048 2092 1110 libro
2117 1047 2371 1109 Atthidis

257 1133 469 1195 citatur
496 1133 663 1195 locus
692 1132 1035 1194 referendus
1066 1132 1311 1209 videtur,
1340 1151 1433 1212 ap.
1466 1132 1751 1212 Harpocr.
1781 1151 1837 1194 v.
1870 1125 2111 1217 Πηγαί,
2157 1125 2373 1207 τόπος

255 1211 327 1281 ἐν
370 1212 745 1299 Μεγάροις,
803 1207 893 1291 ὥς
935 1211 1003 1279 ἐν
1050 1211 1115 1278 δ’
1158 1213 1274 1300 τῆς
1316 1209 1641 1294 ,Ἀτθίδος
1694 1238 1764 1305 φ.
1805 1209 1974 1279 Ἑλλ.
2058 1219 2368 1296 Pegarum‚

254 1312 467 1384 portus
507 1303 794 1382 Megarici,
839 1301 1114 1382 frequens
1159 1303 1379 1364 mentio
1420 1302 1595 1364 fiebat
1632 1302 1693 1364 in
1734 1303 1843 1364 illis
1880 1303 2369 1384 expeditionibus,

256 1389 469 1469 quibus
501 1389 752 1450 Pericles
783 1387 1008 1449 iuvenis
1047 1387 1373 1467 praefectus
1413 1394 1568 1463 erat3
1618 1387 1753 1449 inde
1793 1389 1947 1450 enim
1992 1396 2049 1449 et
2084 1388 2155 1449 ad
2196 1387 2372 1448 Pelo-

254 1491 595 1555 ponnesum
627 1472 1231 1552 circumnavigandam
1261 1473 1561 1552 profectus
1593 1479 1682 1535 est
1711 1480 1770 1534 et
1792 1474 1851 1534 in
1875 1473 2243 1553 expeditione
2267 1473 2371 1533 ad-

255 1578 463 1621 versus
508 1558 845 1639 SicyonioS‚
885 1577 936 1619 v.
971 1557 1232 1638 Thucyd.
1262 1559 1316 1633 1,
1366 1557 1515 1632 1033
1554 1559 1698 1632 1073
1747 1560 1892 1634 1113
1940 1560 2084 1631 1153
2125 1558 2216 1630 IV,
2258 1557 2371 1631 213

255 1643 532 1707 Plutarch
561 1663 617 1704 v.
646 1643 850 1705 Pericl.
882 1662 932 1704 c.
969 1643 1023 1703 1.
1074 1642 1284 1704 Verum
1315 1643 1504 1721 tetigit
1530 1642 1860 1706 Hellanicus
1893 1644 2064 1705 etiam
2095 1642 2373 1704 inferiora

255 1736 526 1809 tempora
555 1729 871 1809 ipsumque
898 1727 1113 1790 bellum
1139 1727 1727 1808 Peloponnesiacum.
1790 1729 1922 1802 Quo
1950 1728 2089 1790 facit
2119 1729 2274 1808 quod
2301 1728 2373 1788 de

255 1814 579 1876 Andocidis
610 1815 794 1895 stirpe
823 1812 1128 1875 adhibetur
1157 1831 1249 1893 ap.
1284 1812 1577 1874 Plutarch.
1609 1833 1662 1874 v.
1693 1813 1873 1875 Alcib.
1908 1832 1957 1875 c.
1989 1813 2059 1873 2¹
2112 1822 2170 1874 et
2207 1813 2368 1874 Suid.

254 1917 309 1960 v.
339 1890 749 1984 Ἀνδοκίδης,
792 1898 888 1960 ubi
920 1916 1105 1977 genus
1149 1898 1466 1960 Andocidis
1497 1898 1567 1959 ad
1614 1899 2027 1960 Telemachum
2069 1905 2127 1959 et
2156 1898 2371 1959 Nausi-

257 2003 419 2046 caam
451 1993 776 2057 revocatur,
816 1990 873 2045 et
902 2002 997 2064 ap.
1030 1983 1179 2044 Plut.
1210 1983 1262 2043 X
1287 1990 1459 2044 oratt.
1500 1983 1563 2044 in
1591 1983 1893 2045 Andocide
1924 1989 1982 2044 et
2020 1983 2192 2043 Phot.
2233 1982 2370 2044 bibl.

256 2089 315 2151 p.
351 2069 507 2142 795,
549 2069 629 2131 23
661 2069 979 2143 Hoeschel,
1018 2068 1118 2130 ubi
1156 2068 1308 2129 idem
1351 2068 1562 2129 dicitur
1605 2069 1840 2130 soboles
1880 2068 2165 2130 Mercurii.
2234 2068 2374 2129 Erat

257 2154 594 2216 Andocides
617 2173 686 2215 ex
710 2154 1039 2234 CerycibuS‚
1072 2154 1169 2233 qui
1192 2172 1223 2215 a
1241 2154 1528 2214 Mercurio
1554 2153 1984 2230 derivabantur3
2014 2173 2186 2233 quem
2213 2153 2369 2233 quod

254 2240 429 2302 simul
451 2240 752 2319 repetebat
773 2260 803 2300 a
828 2239 1176 2300 Telemacho
1201 2245 1259 2299 et
1281 2239 1564 2301 Nausicaa
1586 2242 1612 2281 4
1628 2241 1705 2315 8),
1732 2240 1790 2301 id
1817 2240 2039 2301 videtur
2061 2240 2372 2319 proprium

254 2325 506 2406 familiae
521 2324 890 2386 Andocideae
913 2331 1161 2386 stemma
1183 2324 1370 2385 fuisse
1385 2327 1412 2364 4
1430 2326 1506 2400 9).
1555 2324 1824 2386 Ceterum
1842 2325 2173 2386 Andocides
2198 2325 2370 2386 classi

258 2410 590 2490 praefectus
621 2417 714 2470 est
740 2429 790 2470 a.
823 2409 975 2484 432,
1014 2412 1266 2471 maxime
1294 2408 1564 2470 inclaruit
1592 2409 1650 2470 in
1682 2410 1912 2471 actione
1942 2409 2012 2469 de
2044 2410 2372 2470 Hermoco-

255 2496 410 2575 pidis
439 2515 491 2557 a.
522 2495 675 2569 415,
707 2513 855 2574 quae
886 2512 982 2556 res
1014 2495 1257 2555 omnino
1287 2495 1422 2555 talis
1455 2502 1604 2569 erat,
1636 2514 1811 2575 quam
1841 2494 1912 2557 ab
1943 2495 2234 2556 Hellanico
2268 2513 2374 2556 su-

257 2580 596 2659 perstitiosa
633 2598 767 2641 cum
809 2579 1098 2659 diligentia
1136 2578 1474 2660 explicatam
1512 2579 1696 2641 fuisse
1738 2587 2034 2660 putemus.
2094 2581 2370 2660 Denique,

258 2666 416 2745 quod
448 2665 718 2727 ultimum
758 2665 976 2726 factum
1011 2665 1082 2725 ab
1116 2683 1185 2725 eo
1217 2671 1609 2726 memoratum
1651 2684 1780 2727 esse
1819 2665 2065 2739 scimuS‚
2109 2665 2374 2726 meminit

255 2751 431 2812 etiam
461 2768 691 2830 pugnae
718 2749 929 2811 navalis
959 2751 1031 2811 ad
1061 2749 1380 2829 Arginusas
1411 2769 1464 2811 a.
1497 2751 1618 2811 406
1638 2751 2039 2824 commissae,
2087 2768 2202 2828 quo
2235 2768 2371 2829 per-

256 2837 403 2896 tinet
443 2834 584 2896 Sch.
614 2835 789 2896 Arist.
821 2836 968 2896 Rau.
1000 2854 1052 2895 v.
1085 2835 1209 2895 706
1237 2832 1388 2909 τούς
1415 2829 2071 2918 συνναυμαχήσαντας
2102 2830 2373 2907 δούλους

264 2911 649 2994 Ἑλλάνικός
676 2936 881 3003 φησιν
900 2913 1439 3002 ἐλευθερωθῆναι
1463 2915 1578 2981 καὶ
1608 2914 2043 3005 ἐγγραφέντας
2072 2912 2162 2992 (ὃς
2182 2917 2371 2980 Πλα-

255 3004 471 3079 ταιεῖς
523 2998 1136 3083 συμπολιτεύεσθαι
1182 2996 1405 3078 αὐτοῖς
1462 3000 1748 3082 [διεξιών
1788 3000 1871 3066 τὰ
1924 2999 2044 3067 ἐπὶ
2087 2996 2371 3087 Ἀντιγέ-

257 3109 409 3163 νους
442 3087 564 3151 τοῦ
590 3085 725 3172 πρὸ
754 3082 1096 3168 Καλλίου],
1128 3089 1199 3150 de
1222 3109 1336 3169 quo
1359 3089 1495 3151 loco
1520 3091 1787 3152 dixerunt
1801 3091 2130 3151 Boeckhius
2148 3091 2368 3151 Oecon.

258 3174 375 3236 Civ.
406 3180 522 3236 Att.
553 3175 603 3247 1,
633 3194 692 3254 p.
724 3174 847 3236 282
885 3175 992 3253 [ed.
1023 3176 1183 3237 alter.
1213 3175 1255 3248 1,
1297 3194 1355 3255 p.
1388 3175 1531 3252 366]
1566 3181 1624 3236 et
1652 3175 2048 3237 Dahlmannus
2090 3175 2149 3235 in
2180 3175 2371 3235 Hero-

257 3260 400 3320 doto
432 3278 491 3339 p.
527 3260 646 3320 123
681 3260 774 3337 [cf.
808 3259 1004 3321 Schol.
1035 3258 1209 3321 Arist.
1243 3261 1387 3321 Rau.
1422 3259 1545 3321 720
1584 3257 1682 3343 τῷ
1725 3252 2024 3344 προτέρῳ
2071 3251 2206 3321 ἔτει
2250 3252 2371 3320 ἐπὶ

255 3336 678 3425 Ἀντιγένους.
727 3335 961 3405 ,Ἀλλὰ
988 3341 1207 3450 νικρῗ,
1256 3340 1482 3429 φησί,
1527 3342 1804 3426 χρυσοῦν
1830 3338 2125 3426 νόμισμα
2153 3347 2372 3428 κοπῆ-

254 3449 385 3491 ναι,
430 3424 547 3491 καὶ
592 3423 956 3511 Φιλόχορος
1001 3423 1263 3508 ὁμοιως,
1307 3426 1385 3491 τὸ
1429 3424 1503 3491 ἐκ
1546 3426 1678 3491 τῶν
1703 3427 1954 3514 χρυσῶν
1982 3426 2223 3508 Νικιῦν,
2269 3429 2370 3491 ubi

256 3533 392 3577 cum
424 3513 684 3575 Bentleio
715 3514 1023 3593 legendum
1056 3506 1509 3588 Ἑλλάνικός
1547 3533 1767 3599 φησι,
1811 3517 1883 3577 cf.
1922 3516 2245 3595 fragmenta
2276 3515 2368 3576 hi-

255 3599 613 3661 storicorum
643 3618 1007 3678 graecorum,
1039 3602 1127 3661 ed.
1162 3600 1366 3676 Paris„
1395 3600 1440 3674 1,
1465 3619 1526 3701 p.
1562 3600 1726 3678 403].

426 3685 632 3747 Restat
669 3686 833 3747 locus
875 3703 967 3765 ap.
1009 3685 1291 3765 Harpocr.
1331 3704 1384 3746 v.
1427 3680 1813 3747 ειλωτεύειν·
1862 3682 2125 3759 εἵλωτες
2168 3677 2234 3747 οἱ
2276 3679 2367 3767 μή
2397 3717 2449 3756 23

393 3852 477 3914 48)
502 3852 691 3903 Eodem
716 3859 914 3919 spectat
946 3856 1074 3920 quod
1107 3855 1337 3907 servavit
1366 3854 1596 3905 Eustath.
1632 3856 1694 3905 ad
1730 3853 1823 3904 Od.
1860 3871 1908 3920 p.
1937 3854 2083 3918 1796,
2120 3854 2184 3902 42
2223 3849 2367 3921 Ἀρι-

255 3919 516 3986 στοτέλης
548 3918 610 3972 ἐν
637 3916 971 3986 Ἰθακησίων
1004 3922 1260 3988 πολιτείᾳ
1294 3922 1386 3972 καὶ
1412 3917 1726 3978 Ἑλλάνικος
1760 3920 1821 3973 δὲ
1857 3916 2189 3990 Τηλέμαχόν
2223 3934 2368 3989 φασι

250 3984 593 4041 Ναυσικάαν
614 3989 791 4058 γῆμαι
814 3986 916 4056 τὴν
940 3984 1223 4041 Ἀλκινόου
1246 3990 1338 4040 καὶ
1359 3992 1624 4058 γεννῆσαι
1647 3987 1744 4042 τὸν
1762 3989 2167 4057 Περσέπτολιν.

394 4056 478 4122 49)
506 4055 596 4120 [Cf.
619 4056 896 4109 Grotefend
915 4057 1021 4108 Zur
1040 4058 1339 4108 Geschichte
1363 4061 1461 4109 und
1484 4059 1669 4123 Gcogr.
1689 4075 1787 4110 von
1809 4056 2103 4107 Ait-italien
2130 4073 2180 4123 p.
2199 4055 2282 4109 23.
2306 4056 2367 4108 F.

249 4125 419 4178 Vater
441 4140 609 4176 rernm
633 4125 873 4178 Andocid.
893 4135 1023 4193 part.
1049 4126 1084 4192 1,
1109 4143 1156 4193 p.
1182 4126 1214 4176 2
1240 4128 1334 4193 up]
