2867 4717
1077 357 1305 409 Lesbio
1341 359 1676 411 historico.
2365 361 2431 412 39

483 527 881 607 Apollodorus
910 526 1003 588 his
1032 526 1279 588 narratis
1309 527 1733 630 transgreditur
1761 529 1832 589 ad
1857 546 2038 607 genus
2060 529 2231 590 Aeaci
2260 535 2433 631 atque

307 614 489 689 Pelei,
537 631 710 691 quam
743 612 1064 673 sectionem
1097 613 1393 691 praefatur
1431 613 1548 674 sic:
1596 605 1632 674 6
1666 608 1739 674 66
1779 604 2088 687 ,Ἀσωπὸς
2132 609 2435 715 ποταμὸς

321 690 634 759 Ὠκεανοῦ
676 693 792 759 καὶ
846 690 1116 780 Τηθύος
1157 694 1322 771 κτλ.,
1368 697 1524 758 unde
1573 697 1807 777 colligas
1860 699 1998 777 quid
2050 698 2161 759 sibi
2208 699 2344 760 velit
2389 690 2430 781 ἡ

310 775 618 856 ,Ἀσωπὶς
647 781 938 854 Hellanici,
970 800 1145 861 quam
1175 745 1370 843 laudat
1397 783 1808 843 Marcellinus
1794 801 1857 844 m
1887 783 1997 846 vita
2028 783 2310 886 Thucyd.
2331 788 2366 858 ξ
2392 785 2430 844 4

309 888 369 947 p.
399 868 523 929 313
563 868 774 969 Poppo
803 865 1119 968 μαρτυρεῖ
1158 860 1416 941 τούτοις
1459 863 1575 929 καὶ
1613 860 1991 943 Ἑλλανικος
2034 862 2104 930 έν
2143 871 2225 952 τῇ
2278 862 2431 930 ἑπι-

309 949 693 1049 γραφομένῃ
738 943 1096 1013 Ἀσωπίδι.
1141 952 1280 1013 Erat
1306 970 1443 1031 pars
1476 952 1843 1026 Troicorum,
1876 972 1986 1031 qua
2016 954 2187 1015 Aeaci
2220 972 2427 1031 prosa·
2459 978 2510 1016 20

307 1039 408 1117 pia
438 1038 868 1109 recensebatur,
901 1036 1190 1097 adiunctis
1218 1037 1426 1098 fabulis
1452 1037 1523 1098 de
1545 1037 1739 1109 Peleo,
1767 1038 2028 1110 Thetide,
2053 1038 2291 1111 Achille,
2315 1039 2434 1099 Pa-

307 1123 526 1185 troclo.
572 1124 705 1194 Quo
738 1129 1006 1201 spectant
1034 1140 1180 1200 quae
1208 1122 1477 1200 leguntur
1499 1141 1591 1202 ap.
1618 1121 1819 1202 Steph.
1844 1123 1909 1183 Β.
1936 1142 1988 1185 v.
2027 1116 2431 1198 Θεστίδειον,

309 1228 403 1287 ap.
451 1207 650 1267 Schol.
680 1206 742 1269 Il.
772 1227 842 1285 μ,
895 1206 922 1264 1
971 1206 1042 1266 de
1071 1206 1323 1268 Patrocli
1351 1208 1489 1285 fuga
1526 1206 1597 1268 ad
1628 1207 1863 1268 Peleum
1906 1209 1982 1287 (v.
2009 1227 2186 1286 supra
2218 1226 2276 1286 p.
2308 1208 2430 1286 10),

309 1312 404 1372 ap.
439 1293 578 1353 Sch.
612 1291 673 1352 Il.
709 1311 764 1362 o,
799 1291 922 1352 336
956 1291 1027 1352 de
1055 1299 1243 1352 matre
1270 1292 1482 1353 Aiacis.
1540 1292 1747 1353 Restat
1766 1292 1931 1353 locus
1962 1293 2116 1372 apud
2145 1292 2430 1394 Harpocr.

307 1398 359 1438 v.
392 1371 746 1478 Κριθωτή·
776 1412 862 1421 --
889 1369 1016 1478 μία
1056 1368 1260 1450 πόλις
1302 1372 1432 1438 τῶν
1461 1370 1531 1439 ἒν
1557 1370 1970 1461 Χερρονήσῳ,
2013 1371 2201 1438 καθα
2232 1395 2436 1460 φησιν

323 1454 712 1535 Ἑλλάνικος
755 1454 822 1522 ἓν
868 1453 928 1520 α’
952 1457 1302 1565 Τρωικῶν,
1343 1480 1490 1541 quae
1530 1481 1599 1522 ex
1642 1470 1807 1565 parte
1845 1469 2189 1542 repetuntur
2215 1481 2247 1523 a
2275 1463 2431 1523 Mar-

307 1547 585 1608 cellinol.
619 1566 666 1608 c.
697 1538 1129 1649 Μιλτιάδης,
1141 1534 1217 1619 ὃς
1245 1537 1449 1650 ᾤκισε
1476 1540 1924 1651 Χεῤῥόνησον·
1941 1546 2256 1650 μαρτυρεῖ
2281 1540 2432 1608 τού-

305 1652 458 1706 τοις
510 1624 627 1693 καὶ
671 1624 1046 1703 Ἑλλάνικος
1099 1650 1167 1691 εν
1207 1628 1315 1728 τῇ
1343 1626 1847 1737 ἐπιγραφομένῃ
1892 1623 2252 1707 Ἀσωπίδι,
2301 1631 2431 1693 coll.

308 1717 494 1779 Suida
524 1736 575 1777 v.
609 1709 956 1818 Κριθωτή,
988 1710 1194 1789 πόλις
1219 1711 1349 1776 τῶν
1376 1710 1447 1778 ἐν
1473 1712 1887 1821 Χερρονήσῳ,
1918 1716 2432 1779 κατοικισθεῖσα

304 1793 448 1864 ὑπὸ
492 1792 875 1884 Αθηναίων
901 1795 1032 1861 τῶν
1058 1820 1225 1879 μετα
1269 1796 1661 1864 Μιλτιάδου
1707 1796 1843 1864 ἐκεῖ
1872 1796 2427 1883 παραγενομένων.

480 1887 742 1947 Alterum
768 1886 1117 1947 Troicorum
1141 1886 1359 1948 librum
1387 1886 1583 1948 laudat
1603 1886 1738 1947 Sch.
1763 1887 1823 1946 Il.
1850 1906 1921 1970 φ,
1947 1886 2072 1948 242
2091 1887 2164 1947 de
2185 1886 2430 1947 historia

306 1972 573 2045 Achillis,
605 1990 754 2050 quae
783 1988 914 2032 cum
943 1970 1195 2032 habeant
1223 1978 1421 2050 aperta
1451 1970 1687 2049 vestigia
1718 1970 1940 2050 primae
1969 1979 2180 2032 manus
2222 1978 2279 2032 et
2307 1971 2429 2031 dia-

304 2058 443 2119 lecti
474 2056 726 2126 lonicae,
758 2055 1038 2117 lonismis
1067 2055 1283 2157 ubique
1306 2055 1591 2117 restitutis
1614 2074 1940 2158 apponam.
1978 2046 2144 2116 ‘ffl
2179 2049 2247 2116 ἐν
2279 2054 2421 2117 δευ-

304 2136 482 2245 τέρῳ
547 2138 906 2245 Τρωϊκῶν,
947 2132 1085 2202 ὖπό
1138 2134 1216 2201 66
1271 2142 1504 2203 τοῦτον
1554 2135 1672 2201 τὸν
1711 2134 1943 2242 χρόνον
1993 2133 2062 2201 ἐν
2115 2136 2199 2225 τῇ
2243 2130 2427 2241 ίἼδῃ,

305 2220 530 2330 φησίν,
579 2219 616 2287 6
659 2221 824 2299 θεὸς
863 2212 1072 2326 5230),
1119 2218 1234 2286 καὶ
1280 2216 1317 2286 6
1353 2219 1784 2328 Σκαμανδρος
1810 2220 1887 2286 τὸ
1907 2219 2198 2328 ῥέεθρον
2224 2215 2430 2328 ὑπερ-

305 2306 533 2393 βαλων
575 2302 709 2372 ὑπὸ
752 2306 871 2372 τοῦ
904 2301 991 2412 ὀμ
993 2300 1212 2410 βρίου
1213 2302 1453 2384 ὕδατος
1479 2305 1558 2371 τὸ
1580 2301 1736 2413 (ε’χον
1764 2305 1954 2372 κοῖλα
1981 2302 2192 2392 χωρία
2221 2303 2431 2406 ἐπῆλ-

303 2399 453 2460 θεν.
542 2391 651 2498 τῷ
682 2391 794 2498 ῥοὶ·
832 2414 1049 2495 τουτῳ
1097 2386 1135 2466 6
1181 2385 1516 2496 ,Ἀχιλλεύς
1559 2386 1932 2498 ἡγεόμενος
1974 2395 2091 2456 τοῦ
2152 2392 2431 2496 στρατοῦ

304 2476 590 2587 πρῶτος
618 2474 889 2557 ἐνέτυχε,
932 2474 1050 2540 καὶ
1103 2461 1332 2553 δείσας
1371 2474 1488 2541 τδν
1531 2474 1687 2583 ῥόον
1728 2474 1820 2563 μή
1861 2472 1932 2541 τί
1980 2500 2097 2581 μιν
2138 2473 2427 2580 πημήνῃ,

307 2562 379 2630 έν
421 2557 643 2664 πεδίῳ
687 2558 966 2667 πτελέης
1007 2558 1384 2667 πεφυκυίας
1412 2559 1778 2666 λαβόμενος
1806 2556 2292 2668 ἐμετειόρισενε
2265 2585 2430 2627 εωυ-

305 2646 442 2714 τόν.
519 2641 585 2712 οἱ
631 2644 705 2711 66
762 2640 950 2711 α’λλοι
1002 2643 1442 2750 προιδόμενοι
1485 2644 1601 2710 τὸν
1634 2644 1824 2752 ῥόον
1841 2644 2204 2751 ἐτράποντο
2253 2641 2429 2711 όπου

304 2731 618 2800 ἐδύναντο
675 2728 977 2811 ἕκαστος,
1033 2725 1230 2805 ἄλλος
1268 2725 1478 2836 αλλῃ,
1538 2727 1654 2795 καὶ
1706 2728 1826 2795 ε’πὶ
1877 2729 1962 2794 τοὶ
2012 2730 2143 2795 τῶν
2192 2725 2431 2815 οὐρέων

304 2814 710 2901 ὑπερέχοντα
750 2815 869 2881 τοῦ
897 2811 1139 2880 πεδίου
1169 2809 1499 2898 ανέβαινε;
1546 2819 1700 2879 unde
1730 2817 1888 2879 vides
1919 2817 2428 2897 explicatissimam

306 2907 678 2984 singulorum
711 2905 1139 2966 enarrationem
1161 2902 1364 2973 fuisse,
1396 2910 1661 2964 accurata
1690 2903 1812 2982 agri
1834 2903 2071 2964 Troiani
2095 2903 2429 2981 cognitione

306 2992 617 3064 munitam,
663 2996 729 3050 ut
757 2989 818 3049 in
849 3007 966 3068 quo
997 2987 1084 3049 vir
1113 2988 1176 3048 in
1202 2988 1394 3049 Lesbo
1427 2995 1619 3063 natuS,
1658 2989 1716 3049 in
1746 2989 1983 3050 Aeolide
2012 2996 2284 3050 mortuus
2315 3007 2427 3068 op—

307 3078 450 3139 tIme
482 3074 688 3155 procul
718 3074 895 3135 dubio
926 3081 1190 3135 versatus
1221 3079 1392 3134 esset.

480 3164 626 3223 Post
655 3159 1099 3220 Antehomerica
1124 3167 1296 3237 atque
1310 3157 1620 3218 Homerica
1643 3157 1943 3218 subiunxit
1962 3156 2424 3229 Posthomerica‚

308 3265 426 3326 quo
457 3245 679 3306 faciunt
708 3263 854 3322 quae
883 3244 1159 3322 leguntur
1187 3263 1278 3322 ap.
1312 3243 1449 3305 Sch.
1483 3241 1735 3304 Theocr.
1751 3242 1897 3316 XVI,
1927 3241 2007 3303 49
2042 3243 2111 3303 de
2135 3240 2327 3320 Cycno
2354 3241 2425 3303 ab

307 3331 527 3392 Achille
555 3336 778 3402 necato,
805 3347 951 3407 quae
970 3348 1063 3390 res
1082 3336 1205 3390 erat
1221 3328 1595 3407 Cypriorum3
1624 3346 1716 3405 ap.
1734 3327 2006 3388 Parthen.
2022 3328 2239 3388 Erotio.
2260 3326 2338 3388 34
2357 3326 2427 3387 de

309 3416 567 3495 Corytho
582 3414 790 3476 Paride
815 3413 1163 3493 pulchriore,
1188 3414 1434 3474 Helenae
1467 3420 1751 3485 amatore3
1785 3432 1877 3492 ap.
1905 3411 2099 3473 Tzetz.
2119 3412 2425 3474 Posthom.

306 3521 392 3562 vs.
433 3500 507 3561 13
525 3519 653 3579 sqq.
703 3500 775 3561 de
804 3498 1192 3574 Penthesilea3
1234 3517 1325 3578 ap.
1366 3497 1631 3560 Eustatb.
1672 3496 1742 3558 ad
1772 3498 1834 3558 ll.
1874 3517 1912 3558 κ
1954 3516 2011 3575 p.
2046 3496 2187 3571 816,
2233 3498 2309 3557 12
2355 3497 2425 3558 de
2452 3519 2502 3556 21

305 3586 574 3667 Apolline
594 3582 918 3665 Dymbraeo
940 3586 965 3625 3
985 3587 1060 3661 1),
1083 3584 1143 3644 in
1167 3584 1331 3645 cuius
1353 3585 1493 3645 fano
1520 3583 1727 3661 sagitta
1749 3582 1976 3644 Paridis
2002 3582 2207 3644 cecidit
2227 3581 2421 3642 Achil-

445 3804 530 3866 30)
567 3804 651 3854 Sic
675 3804 855 3870 scripsi
880 3805 1008 3856 coni.
1033 3819 1125 3871 pro
1152 3795 1306 3855 ὅθεν·
1331 3800 1497 3860 θεὸς
1527 3802 1662 3853 solet
1685 3817 1795 3853 cum
1821 3801 2111 3867 compendio
2137 3800 2288 3851 scribi
2309 3804 2370 3849 θ.

444 3872 529 3934 31)
568 3872 651 3922 Sic
684 3875 958 3939 scripserat
991 3872 1304 3933 Hellanicu8‚
1338 3871 1420 3937 qui
1456 3873 1516 3922 de
1552 3872 1645 3921 hoc
1680 3871 1875 3922 nomine
1916 3870 2149 3920 laudatur
2190 3868 2336 3917 etiam
2371 3868 2420 3917 in

306 3942 500 3993 Anecd.
525 3941 821 3992 Bachmanni
845 3939 960 3993 Vol.
984 3939 1023 4005 1,
1047 3957 1093 4006 p.
1118 3939 1235 4002 467,
1263 3938 1343 3990 21.
