<?xml version="1.0" encoding="UTF-8"?>
<!DOCTYPE html PUBLIC "-//W3C//DTD XHTML 1.0 Transitional//EN"
    "http://www.w3.org/TR/xhtml1/DTD/xhtml1-transitional.dtd">
<html xmlns="http://www.w3.org/1999/xhtml" xml:lang="en" lang="en">
 <head>
  <title>
</title>
<meta http-equiv="Content-Type" content="text/html;charset=utf-8" />
  <meta name='ocr-system' content='tesseract 3.04.00' />
  <meta name='ocr-capabilities' content='ocr_page ocr_carea ocr_par ocr_line ocrx_word'/>
</head>
<body>
  <div class='ocr_page' id='page_1' title='image "./ausgewhlteaufst01khgoog_0073.png"; bbox 0 0 2867 4717; ppageno 0'>
   <div class='ocr_carea' id='block_1_1' title="bbox 508 426 1813 480">
    <p class='ocr_par' dir='ltr' id='par_1_1' title="bbox 508 426 1813 480">
     <span class='ocr_line' id='line_1_1' title="bbox 508 426 1813 480; baseline 0 -1"><span class='ocrx_word' id='word_1_1' title='bbox 508 426 579 479; x_wconf 81' lang='lat'><strong>60</strong></span> <span class='ocrx_word' id='word_1_2' title='bbox 1321 426 1416 479; x_wconf 93' lang='lat' dir='ltr'><strong>De</strong></span> <span class='ocrx_word' id='word_1_3' title='bbox 1455 426 1813 480; x_wconf 80' lang='lat' dir='ltr'><strong>Hellanico</strong></span> 
     </span>
    </p>
   </div>
   <div class='ocr_carea' id='block_1_2' title="bbox 421 572 2632 3368">
    <p class='ocr_par' dir='ltr' id='par_1_2' title="bbox 501 572 2632 920">
     <span class='ocr_line' id='line_1_2' title="bbox 505 572 2632 686; baseline 0.001 -42"><span class='ocrx_word' id='word_1_4' title='bbox 505 574 701 680; x_wconf 71' lang='grc' dir='ltr'><strong><em>θέρει</em></strong></span> <span class='ocrx_word' id='word_1_5' title='bbox 746 572 783 643; x_wconf 84' lang='grc' dir='ltr'><em>ὅ</em></span> <span class='ocrx_word' id='word_1_6' title='bbox 826 576 989 654; x_wconf 83' lang='grc' dir='ltr'><strong><em>νεως</em></strong></span> <span class='ocrx_word' id='word_1_7' title='bbox 1027 582 1149 684; x_wconf 79' lang='grc' dir='ltr'><strong><em>τῆς</em></strong></span> <span class='ocrx_word' id='word_1_8' title='bbox 1192 572 1420 684; x_wconf 76' lang='grc' dir='ltr'><strong><em>”Ηρας</em></strong></span> <span class='ocrx_word' id='word_1_9' title='bbox 1462 576 1531 643; x_wconf 76' lang='grc' dir='ltr'><strong><em>ἐν</em></strong></span> <span class='ocrx_word' id='word_1_10' title='bbox 1555 572 1798 685; x_wconf 81' lang='grc' dir='ltr'><em>,Ἀργει</em></span> <span class='ocrx_word' id='word_1_11' title='bbox 1840 576 2243 686; x_wconf 57' lang='grc' dir='ltr'><strong><em>κατεκαύθη,</em></strong></span> <span class='ocrx_word' id='word_1_12' title='bbox 2289 576 2632 685; x_wconf 82' lang='grc' dir='ltr'><strong><em>Χρυσίδος</em></strong></span> 
     </span>
     <span class='ocr_line' id='line_1_3' title="bbox 501 657 2628 771; baseline 0.002 -45"><span class='ocrx_word' id='word_1_13' title='bbox 501 663 619 749; x_wconf 78' lang='grc' dir='ltr'><strong><em>τῆς</em></strong></span> <span class='ocrx_word' id='word_1_14' title='bbox 671 657 915 768; x_wconf 83' lang='grc' dir='ltr'><strong><em>ιερείας</em></strong></span> <span class='ocrx_word' id='word_1_15' title='bbox 967 661 1196 741; x_wconf 81' lang='grc' dir='ltr'><strong><em>λύχνον</em></strong></span> <span class='ocrx_word' id='word_1_16' title='bbox 1245 686 1396 728; x_wconf 85' lang='grc' dir='ltr'><strong><em>τινα</em></strong></span> <span class='ocrx_word' id='word_1_17' title='bbox 1448 658 1689 770; x_wconf 62' lang='grc' dir='ltr'><strong><em>θείσῃς</em></strong></span> <span class='ocrx_word' id='word_1_18' title='bbox 1743 658 2033 769; x_wconf 80' lang='grc' dir='ltr'><strong><em>ἦμμενον</em></strong></span> <span class='ocrx_word' id='word_1_19' title='bbox 2083 686 2258 769; x_wconf 59' lang='grc' dir='ltr'><strong><em>Ξτρος</em></strong></span> <span class='ocrx_word' id='word_1_20' title='bbox 2298 664 2384 728; x_wconf 79' lang='grc' dir='ltr'><strong><em>τὰ</em></strong></span> <span class='ocrx_word' id='word_1_21' title='bbox 2430 664 2628 771; x_wconf 85' lang='grc' dir='ltr'><strong><em>στέμ-</em></strong></span> 
     </span>
     <span class='ocr_line' id='line_1_4' title="bbox 502 743 2629 868; baseline 0.002 -57"><span class='ocrx_word' id='word_1_22' title='bbox 502 770 683 831; x_wconf 83' lang='grc' dir='ltr'><em>ματα</em></span> <span class='ocrx_word' id='word_1_23' title='bbox 710 771 827 811; x_wconf 86' lang='grc' dir='ltr'><strong>και</strong></span> <span class='ocrx_word' id='word_1_24' title='bbox 856 745 1549 868; x_wconf 53' lang='grc' dir='ltr'><strong><em>ἐπικαταδαρθούσρς,</em></strong></span> <span class='ocrx_word' id='word_1_25' title='bbox 1590 769 1763 813; x_wconf 83' lang='grc' dir='ltr'><strong><em>ωστε</em></strong></span> <span class='ocrx_word' id='word_1_26' title='bbox 1790 745 2032 816; x_wconf 68' lang='grc' dir='ltr'><strong><em>ελαθεν</em></strong></span> <span class='ocrx_word' id='word_1_27' title='bbox 2049 743 2374 854; x_wconf 77' lang='grc' dir='ltr'><strong><em>ἆφθέντα</em></strong></span> <span class='ocrx_word' id='word_1_28' title='bbox 2384 747 2629 815; x_wconf 81' lang='grc' dir='ltr'><strong><em>πάντα</em></strong></span> 
     </span>
     <span class='ocr_line' id='line_1_5' title="bbox 504 828 2630 939; baseline 0.002 -43"><span class='ocrx_word' id='word_1_29' title='bbox 504 833 622 896; x_wconf 85' lang='grc' dir='ltr'><strong>καὶ</strong></span> <span class='ocrx_word' id='word_1_30' title='bbox 665 829 1232 937; x_wconf 75' lang='grc' dir='ltr'><strong><em>καταφλεχθέντα·</em></strong></span> <span class='ocrx_word' id='word_1_31' title='bbox 1290 856 1407 897; x_wconf 88' lang='grc' dir='ltr'><strong>και</strong></span> <span class='ocrx_word' id='word_1_32' title='bbox 1412 857 1489 939; x_wconf 49' lang='grc' dir='ltr'><em>ἠ</em></span> <span class='ocrx_word' id='word_1_33' title='bbox 1534 833 1793 916; x_wconf 75' lang='grc' dir='ltr'><strong><em>Χρυσίς</em></strong></span> <span class='ocrx_word' id='word_1_34' title='bbox 1832 834 1953 916; x_wconf 78' lang='grc' dir='ltr'><strong><em>μὲν</em></strong></span> <span class='ocrx_word' id='word_1_35' title='bbox 1997 828 2200 910; x_wconf 69' lang='grc' dir='ltr'><strong><em>εὐθὺς</em></strong></span> <span class='ocrx_word' id='word_1_36' title='bbox 2234 856 2357 937; x_wconf 84' lang='grc' dir='ltr'><strong><em>της</em></strong></span> <span class='ocrx_word' id='word_1_37' title='bbox 2397 835 2630 939; x_wconf 78' lang='grc' dir='ltr'><strong><em>νυκτὸς</em></strong></span> 
     </span>
    </p>

    <p class='ocr_par' dir='ltr' id='par_1_3' title="bbox 422 910 2627 1508">
     <span class='ocr_line' id='line_1_6' title="bbox 422 910 2627 1007; baseline 0 -25"><span class='ocrx_word' id='word_1_38' title='bbox 422 941 479 982; x_wconf 73' lang='lat'><strong>45</strong></span> <span class='ocrx_word' id='word_1_39' title='bbox 507 912 788 982; x_wconf 80' lang='grc' dir='ltr'><strong><em>δείσασα</em></strong></span> <span class='ocrx_word' id='word_1_40' title='bbox 829 918 983 994; x_wconf 79' lang='grc' dir='ltr'><strong>τούς</strong></span> <span class='ocrx_word' id='word_1_41' title='bbox 1021 910 1359 998; x_wconf 80' lang='grc' dir='ltr'><strong>Ἀργείους</strong></span> <span class='ocrx_word' id='word_1_42' title='bbox 1399 914 1469 995; x_wconf 78' lang='grc' dir='ltr'><strong>ἐς</strong></span> <span class='ocrx_word' id='word_1_43' title='bbox 1513 917 1845 982; x_wconf 84' lang='grc' dir='ltr'><strong><em>Φλιουντα</em></strong></span> <span class='ocrx_word' id='word_1_44' title='bbox 1888 916 2146 1007; x_wconf 77' lang='grc' dir='ltr'><em>φεύγει·</em></span> <span class='ocrx_word' id='word_1_45' title='bbox 2193 913 2259 982; x_wconf 77' lang='grc' dir='ltr'><strong>οἱ</strong></span> <span class='ocrx_word' id='word_1_46' title='bbox 2304 917 2382 983; x_wconf 77' lang='grc' dir='ltr'><strong>δὲ</strong></span> <span class='ocrx_word' id='word_1_47' title='bbox 2426 913 2627 1007; x_wconf 78' lang='grc' dir='ltr'><strong><em>ι’ίλλην</em></strong></span> 
     </span>
     <span class='ocr_line' id='line_1_7' title="bbox 504 996 2624 1111; baseline 0.001 -45"><span class='ocrx_word' id='word_1_48' title='bbox 504 996 750 1108; x_wconf 81' lang='grc' dir='ltr'><strong><em>ιέρειαν</em></strong></span> <span class='ocrx_word' id='word_1_49' title='bbox 792 998 866 1066; x_wconf 76' lang='grc' dir='ltr'><strong>ἐκ</strong></span> <span class='ocrx_word' id='word_1_50' title='bbox 907 1001 1025 1065; x_wconf 84' lang='grc' dir='ltr'><strong><em>τοῦ</em></strong></span> <span class='ocrx_word' id='word_1_51' title='bbox 1066 999 1269 1105; x_wconf 85' lang='grc' dir='ltr'><strong><em>νόμου</em></strong></span> <span class='ocrx_word' id='word_1_52' title='bbox 1311 1008 1431 1067; x_wconf 82' lang='grc' dir='ltr'><strong><em>τοῦ</em></strong></span> <span class='ocrx_word' id='word_1_53' title='bbox 1476 1002 1904 1108; x_wconf 76' lang='grc' dir='ltr'><strong><em>προκειμένου</em></strong></span> <span class='ocrx_word' id='word_1_54' title='bbox 1947 1004 2435 1111; x_wconf 81' lang='grc' dir='ltr'><strong><em>κατεστήσαντο</em></strong></span> <span class='ocrx_word' id='word_1_55' title='bbox 2481 1010 2624 1069; x_wconf 85' lang='grc' dir='ltr'><strong>Φα-</strong></span> 
     </span>
     <span class='ocr_line' id='line_1_8' title="bbox 506 1080 2626 1193; baseline 0.002 -43"><span class='ocrx_word' id='word_1_56' title='bbox 506 1082 727 1151; x_wconf 79' lang='grc' dir='ltr'><strong><em>εινίδα</em></strong></span> <span class='ocrx_word' id='word_1_57' title='bbox 771 1080 1011 1191; x_wconf 79' lang='grc' dir='ltr'><strong><em>ὄνομα.</em></strong></span> <span class='ocrx_word' id='word_1_58' title='bbox 1083 1110 1211 1192; x_wconf 84' lang='grc' dir='ltr'><strong>ετη</strong></span> <span class='ocrx_word' id='word_1_59' title='bbox 1270 1085 1347 1152; x_wconf 76' lang='grc' dir='ltr'><strong>δὲ</strong></span> <span class='ocrx_word' id='word_1_60' title='bbox 1397 1086 1656 1169; x_wconf 85' lang='grc' dir='ltr'><strong><em>Χρυσὶς</em></strong></span> <span class='ocrx_word' id='word_1_61' title='bbox 1706 1089 1824 1152; x_wconf 80' lang='grc' dir='ltr'><strong><em>τοῦ</em></strong></span> <span class='ocrx_word' id='word_1_62' title='bbox 1840 1088 2171 1193; x_wconf 83' lang='grc' dir='ltr'><strong><em>πολέμου</em></strong></span> <span class='ocrx_word' id='word_1_63' title='bbox 2221 1089 2417 1153; x_wconf 80' lang='grc' dir='ltr'><strong><em>τοῦδε</em></strong></span> <span class='ocrx_word' id='word_1_64' title='bbox 2467 1083 2626 1155; x_wconf 82' lang='grc' dir='ltr'><strong><em>επέ-</em></strong></span> 
     </span>
     <span class='ocr_line' id='line_1_9' title="bbox 502 1165 2626 1261; baseline 0.002 -27"><span class='ocrx_word' id='word_1_65' title='bbox 502 1171 703 1253; x_wconf 82' lang='grc' dir='ltr'><strong><em>λαβεν</em></strong></span> <span class='ocrx_word' id='word_1_66' title='bbox 757 1165 930 1235; x_wconf 84' lang='grc' dir='ltr'><strong><em>ὀκτω</em></strong></span> <span class='ocrx_word' id='word_1_67' title='bbox 986 1169 1102 1235; x_wconf 81' lang='grc' dir='ltr'><strong>καὶ</strong></span> <span class='ocrx_word' id='word_1_68' title='bbox 1147 1166 1378 1237; x_wconf 85' lang='grc' dir='ltr'><strong><em>ε’νατον</em></strong></span> <span class='ocrx_word' id='word_1_69' title='bbox 1417 1169 1490 1237; x_wconf 75' lang='grc' dir='ltr'><strong>ἐκ</strong></span> <span class='ocrx_word' id='word_1_70' title='bbox 1533 1170 1771 1254; x_wconf 84' lang='grc' dir='ltr'><strong><em>μέσου,</em></strong></span> <span class='ocrx_word' id='word_1_71' title='bbox 1834 1169 1945 1237; x_wconf 78' lang='grc' dir='ltr'><strong>ὅτε</strong></span> <span class='ocrx_word' id='word_1_72' title='bbox 1987 1170 2360 1261; x_wconf 78' lang='grc' dir='ltr'><strong><em>ἐπεφεύγει.</em></strong></span> <span class='ocrx_word' id='word_1_73' title='bbox 2450 1177 2626 1255; x_wconf 87' lang='lat' dir='ltr'><strong>Fugit</strong></span> 
     </span>
     <span class='ocr_line' id='line_1_10' title="bbox 503 1258 2620 1339; baseline 0 -19"><span class='ocrx_word' id='word_1_74' title='bbox 503 1260 594 1321; x_wconf 89' lang='lat' dir='ltr'><strong>Ol.</strong></span> <span class='ocrx_word' id='word_1_75' title='bbox 627 1259 737 1333; x_wconf 86' lang='lat'><strong>89,</strong></span> <span class='ocrx_word' id='word_1_76' title='bbox 776 1261 816 1320; x_wconf 86' lang='lat'><strong>2</strong></span> <span class='ocrx_word' id='word_1_77' title='bbox 846 1260 934 1320; x_wconf 83' lang='lat' dir='ltr'><strong>vel</strong></span> <span class='ocrx_word' id='word_1_78' title='bbox 963 1258 1086 1319; x_wconf 85' lang='lat'><strong>423</strong></span> <span class='ocrx_word' id='word_1_79' title='bbox 1118 1279 1167 1320; x_wconf 89' lang='lat' dir='ltr'><strong>a.</strong></span> <span class='ocrx_word' id='word_1_80' title='bbox 1201 1260 1362 1333; x_wconf 90' lang='lat' dir='ltr'><strong>Chr.‚</strong></span> <span class='ocrx_word' id='word_1_81' title='bbox 1406 1261 1735 1322; x_wconf 85' lang='lat' dir='ltr'><strong>sacerdotio</strong></span> <span class='ocrx_word' id='word_1_82' title='bbox 1776 1279 1882 1339; x_wconf 93' lang='lat' dir='ltr'><strong>per</strong></span> <span class='ocrx_word' id='word_1_83' title='bbox 1922 1261 2003 1321; x_wconf 86' lang='lat'><strong>56</strong></span> <span class='ocrx_word' id='word_1_84' title='bbox 2046 1279 2237 1323; x_wconf 87' lang='lat' dir='ltr'><strong>annos</strong></span> <span class='ocrx_word' id='word_1_85' title='bbox 2277 1261 2620 1338; x_wconf 81' lang='lat' dir='ltr'><strong>functa⁷⁷).</strong></span> 
     </span>
     <span class='ocr_line' id='line_1_11' title="bbox 502 1344 2623 1425; baseline 0.001 -20"><span class='ocrx_word' id='word_1_86' title='bbox 502 1344 670 1405; x_wconf 89' lang='lat' dir='ltr'><strong>Aliud</strong></span> <span class='ocrx_word' id='word_1_87' title='bbox 694 1345 979 1422; x_wconf 92' lang='lat' dir='ltr'><strong>templum</strong></span> <span class='ocrx_word' id='word_1_88' title='bbox 1004 1352 1365 1405; x_wconf 88' lang='lat' dir='ltr'><strong>exstructum</strong></span> <span class='ocrx_word' id='word_1_89' title='bbox 1391 1352 1501 1418; x_wconf 89' lang='lat' dir='ltr'><strong>est,</strong></span> <span class='ocrx_word' id='word_1_90' title='bbox 1534 1346 1845 1406; x_wconf 89' lang='lat' dir='ltr'><strong>architecto</strong></span> <span class='ocrx_word' id='word_1_91' title='bbox 1870 1346 2196 1425; x_wconf 84' lang='lat' dir='ltr'><strong>Eupolemo</strong></span> <span class='ocrx_word' id='word_1_92' title='bbox 2219 1346 2452 1424; x_wconf 84' lang='lat' dir='ltr'><strong>Argivo,</strong></span> <span class='ocrx_word' id='word_1_93' title='bbox 2481 1365 2623 1407; x_wconf 83' lang='lat' dir='ltr'><strong>mox</strong></span> 
     </span>
     <span class='ocr_line' id='line_1_12' title="bbox 501 1429 1785 1508; baseline 0.002 -20"><span class='ocrx_word' id='word_1_94' title='bbox 501 1429 876 1489; x_wconf 87' lang='lat' dir='ltr'><strong>nobilissimo</strong></span> <span class='ocrx_word' id='word_1_95' title='bbox 910 1430 1007 1489; x_wconf 90' lang='lat' dir='ltr'><strong>illo</strong></span> <span class='ocrx_word' id='word_1_96' title='bbox 1040 1429 1312 1508; x_wconf 80' lang='lat' dir='ltr'>Polycleti</span> <span class='ocrx_word' id='word_1_97' title='bbox 1343 1430 1513 1508; x_wconf 85' lang='lat' dir='ltr'><strong>signo</strong></span> <span class='ocrx_word' id='word_1_98' title='bbox 1547 1431 1785 1492; x_wconf 91' lang='lat' dir='ltr'><strong>clarum.</strong></span> 
     </span>
    </p>

    <p class='ocr_par' dir='ltr' id='par_1_4' title="bbox 497 1512 2623 2267">
     <span class='ocr_line' id='line_1_13' title="bbox 678 1512 2623 1590; baseline 0.001 -17"><span class='ocrx_word' id='word_1_99' title='bbox 678 1515 781 1590; x_wconf 88' lang='lat'><strong>10)</strong></span> <span class='ocrx_word' id='word_1_100' title='bbox 827 1512 1168 1576; x_wconf 90' lang='lat' dir='ltr'><strong>Phaeinis</strong></span> <span class='ocrx_word' id='word_1_101' title='bbox 1200 1516 1285 1575; x_wconf 87' lang='lat' dir='ltr'><strong>vel</strong></span> <span class='ocrx_word' id='word_1_102' title='bbox 1315 1516 1511 1575; x_wconf 89' lang='lat' dir='ltr'><strong>dorice</strong></span> <span class='ocrx_word' id='word_1_103' title='bbox 1540 1515 1917 1576; x_wconf 76' lang='lat' dir='ltr'><strong>PhaenniS.</strong></span> <span class='ocrx_word' id='word_1_104' title='bbox 1979 1516 2060 1575; x_wconf 89' lang='lat' dir='ltr'><strong>De</strong></span> <span class='ocrx_word' id='word_1_105' title='bbox 2088 1515 2199 1576; x_wconf 90' lang='lat' dir='ltr'><strong>hac</strong></span> <span class='ocrx_word' id='word_1_106' title='bbox 2219 1514 2364 1574; x_wconf 90' lang='lat' dir='ltr'><strong>nihil</strong></span> <span class='ocrx_word' id='word_1_107' title='bbox 2388 1522 2623 1576; x_wconf 83' lang='lat' dir='ltr'><strong>constat</strong></span> 
     </span>
     <span class='ocr_line' id='line_1_14' title="bbox 499 1598 2622 1679; baseline 0.001 -21"><span class='ocrx_word' id='word_1_108' title='bbox 499 1598 617 1658; x_wconf 90' lang='lat' dir='ltr'><strong>nisi</strong></span> <span class='ocrx_word' id='word_1_109' title='bbox 647 1599 1010 1658; x_wconf 80' lang='lat' dir='ltr'><strong>sacerdotem</strong></span> <span class='ocrx_word' id='word_1_110' title='bbox 1050 1598 1263 1659; x_wconf 85' lang='lat' dir='ltr'><strong>factam</strong></span> <span class='ocrx_word' id='word_1_111' title='bbox 1297 1619 1429 1660; x_wconf 90' lang='lat' dir='ltr'><strong>esse</strong></span> <span class='ocrx_word' id='word_1_112' title='bbox 1461 1599 1552 1660; x_wconf 90' lang='lat' dir='ltr'><strong>Ol.</strong></span> <span class='ocrx_word' id='word_1_113' title='bbox 1587 1599 1693 1676; x_wconf 87' lang='grc'><strong>89,</strong></span> <span class='ocrx_word' id='word_1_114' title='bbox 1737 1601 1775 1661; x_wconf 84' lang='grc'>2</span> <span class='ocrx_word' id='word_1_115' title='bbox 1806 1599 1892 1660; x_wconf 83' lang='lat' dir='ltr'><strong>vel</strong></span> <span class='ocrx_word' id='word_1_116' title='bbox 1920 1619 1971 1659; x_wconf 91' lang='lat' dir='ltr'><strong>a.</strong></span> <span class='ocrx_word' id='word_1_117' title='bbox 2004 1599 2149 1661; x_wconf 84' lang='lat'><strong>423.</strong></span> <span class='ocrx_word' id='word_1_118' title='bbox 2208 1600 2293 1660; x_wconf 87' lang='lat' dir='ltr'><strong>Ex</strong></span> <span class='ocrx_word' id='word_1_119' title='bbox 2323 1600 2622 1679; x_wconf 89' lang='lat' dir='ltr'><strong>posterio-</strong></span> 
     </span>
     <span class='ocr_line' id='line_1_15' title="bbox 498 1682 2621 1763; baseline 0.001 -21"><span class='ocrx_word' id='word_1_120' title='bbox 498 1682 663 1743; x_wconf 86' lang='lat' dir='ltr'><strong>ribus</strong></span> <span class='ocrx_word' id='word_1_121' title='bbox 693 1683 849 1743; x_wconf 90' lang='lat' dir='ltr'><strong>nulla</strong></span> <span class='ocrx_word' id='word_1_122' title='bbox 879 1682 1237 1744; x_wconf 90' lang='lat' dir='ltr'><strong>nominatur.</strong></span> <span class='ocrx_word' id='word_1_123' title='bbox 1295 1684 1512 1745; x_wconf 89' lang='lat' dir='ltr'><strong>Verum</strong></span> <span class='ocrx_word' id='word_1_124' title='bbox 1551 1691 1795 1763; x_wconf 90' lang='lat' dir='ltr'><strong>apparet</strong></span> <span class='ocrx_word' id='word_1_125' title='bbox 1831 1685 2040 1745; x_wconf 89' lang='lat' dir='ltr'><strong>harum</strong></span> <span class='ocrx_word' id='word_1_126' title='bbox 2082 1684 2349 1745; x_wconf 91' lang='lat' dir='ltr'><strong>omnium</strong></span> <span class='ocrx_word' id='word_1_127' title='bbox 2387 1702 2621 1744; x_wconf 90' lang='lat' dir='ltr'><strong>memo-</strong></span> 
     </span>
     <span class='ocr_line' id='line_1_16' title="bbox 498 1767 2620 1848; baseline 0 -21"><span class='ocrx_word' id='word_1_128' title='bbox 498 1767 646 1827; x_wconf 83' lang='lat' dir='ltr'>riam</span> <span class='ocrx_word' id='word_1_129' title='bbox 677 1774 961 1829; x_wconf 85' lang='lat' dir='ltr'><strong>servatam</strong></span> <span class='ocrx_word' id='word_1_130' title='bbox 993 1786 1124 1827; x_wconf 89' lang='lat' dir='ltr'><strong>esse</strong></span> <span class='ocrx_word' id='word_1_131' title='bbox 1152 1786 1276 1828; x_wconf 90' lang='lat' dir='ltr'><strong>non</strong></span> <span class='ocrx_word' id='word_1_132' title='bbox 1304 1776 1422 1829; x_wconf 90' lang='lat' dir='ltr'><strong>tam</strong></span> <span class='ocrx_word' id='word_1_133' title='bbox 1449 1778 1694 1848; x_wconf 87' lang='lat' dir='ltr'><strong>propter</strong></span> <span class='ocrx_word' id='word_1_134' title='bbox 1714 1770 1873 1848; x_wconf 89' lang='lat' dir='ltr'><strong>ipsas</strong></span> <span class='ocrx_word' id='word_1_135' title='bbox 1896 1787 2071 1847; x_wconf 88' lang='lat' dir='ltr'><strong>quam</strong></span> <span class='ocrx_word' id='word_1_136' title='bbox 2096 1776 2428 1848; x_wconf 88' lang='lat' dir='ltr'><strong>propterea,</strong></span> <span class='ocrx_word' id='word_1_137' title='bbox 2460 1769 2620 1847; x_wconf 88' lang='lat' dir='ltr'><strong>quod</strong></span> 
     </span>
     <span class='ocr_line' id='line_1_17' title="bbox 497 1852 2620 1932; baseline 0 -20"><span class='ocrx_word' id='word_1_138' title='bbox 497 1852 827 1912; x_wconf 82' lang='lat' dir='ltr'><strong>Hellanicus</strong></span> <span class='ocrx_word' id='word_1_139' title='bbox 859 1871 970 1912; x_wconf 86' lang='lat' dir='ltr'><strong>suo</strong></span> <span class='ocrx_word' id='word_1_140' title='bbox 1015 1870 1194 1929; x_wconf 90' lang='lat' dir='ltr'><strong>opere</strong></span> <span class='ocrx_word' id='word_1_141' title='bbox 1231 1854 1499 1925; x_wconf 79' lang='lat' dir='ltr'><strong>effecerat</strong></span> <span class='ocrx_word' id='word_1_142' title='bbox 1536 1861 1602 1914; x_wconf 91' lang='lat' dir='ltr'><strong>ut</strong></span> <span class='ocrx_word' id='word_1_143' title='bbox 1638 1854 1781 1914; x_wconf 88' lang='lat' dir='ltr'><strong>haec</strong></span> <span class='ocrx_word' id='word_1_144' title='bbox 1817 1854 2059 1914; x_wconf 91' lang='lat' dir='ltr'><strong>nomina</strong></span> <span class='ocrx_word' id='word_1_145' title='bbox 2097 1853 2292 1914; x_wconf 89' lang='lat' dir='ltr'><strong>locum</strong></span> <span class='ocrx_word' id='word_1_146' title='bbox 2325 1854 2620 1932; x_wconf 79' lang='lat' dir='ltr'><strong>quendam</strong></span> 
     </span>
     <span class='ocr_line' id='line_1_18' title="bbox 497 1936 2621 2017; baseline 0 -20"><span class='ocrx_word' id='word_1_147' title='bbox 497 1938 559 1997; x_wconf 92' lang='lat' dir='ltr'><strong>in</strong></span> <span class='ocrx_word' id='word_1_148' title='bbox 590 1936 836 1997; x_wconf 89' lang='lat' dir='ltr'><strong>historia</strong></span> <span class='ocrx_word' id='word_1_149' title='bbox 858 1943 1028 1996; x_wconf 89' lang='lat' dir='ltr'><strong>nacta</strong></span> <span class='ocrx_word' id='word_1_150' title='bbox 1051 1943 1279 2010; x_wconf 81' lang='lat' dir='ltr'><strong>essent3</strong></span> <span class='ocrx_word' id='word_1_151' title='bbox 1309 1939 1467 1998; x_wconf 90' lang='lat' dir='ltr'><strong>unde</strong></span> <span class='ocrx_word' id='word_1_152' title='bbox 1489 1937 1789 2016; x_wconf 83' lang='lat' dir='ltr'><strong>probabile</strong></span> <span class='ocrx_word' id='word_1_153' title='bbox 1812 1957 1963 2017; x_wconf 89' lang='lat' dir='ltr'><strong>opus</strong></span> <span class='ocrx_word' id='word_1_154' title='bbox 1988 1938 2262 1998; x_wconf 90' lang='lat' dir='ltr'><strong>Hellanici</strong></span> <span class='ocrx_word' id='word_1_155' title='bbox 2286 1938 2621 1998; x_wconf 85' lang='lat' dir='ltr'><strong>substitisse</strong></span> 
     </span>
     <span class='ocr_line' id='line_1_19' title="bbox 498 2021 2621 2102; baseline 0.001 -22"><span class='ocrx_word' id='word_1_156' title='bbox 498 2023 559 2080; x_wconf 91' lang='lat' dir='ltr'><strong>in</strong></span> <span class='ocrx_word' id='word_1_157' title='bbox 599 2021 736 2093; x_wconf 91' lang='lat' dir='ltr'><strong>hac,</strong></span> <span class='ocrx_word' id='word_1_158' title='bbox 782 2040 927 2099; x_wconf 85' lang='lat' dir='ltr'><strong>quae</strong></span> <span class='ocrx_word' id='word_1_159' title='bbox 963 2028 1267 2099; x_wconf 87' lang='lat' dir='ltr'><strong>postrema</strong></span> <span class='ocrx_word' id='word_1_160' title='bbox 1311 2022 1678 2095; x_wconf 60' lang='lat' dir='ltr'><strong>nominatum</strong></span> <span class='ocrx_word' id='word_1_161' title='bbox 1722 2023 1780 2083; x_wconf 92' lang='lat' dir='ltr'><strong>id</strong></span> <span class='ocrx_word' id='word_1_162' title='bbox 1825 2023 1985 2102; x_wconf 91' lang='lat' dir='ltr'><strong>quod</strong></span> <span class='ocrx_word' id='word_1_163' title='bbox 2030 2041 2165 2082; x_wconf 90' lang='lat' dir='ltr'><strong>cum</strong></span> <span class='ocrx_word' id='word_1_164' title='bbox 2208 2023 2395 2101; x_wconf 89' lang='lat' dir='ltr'><strong>ipsius</strong></span> <span class='ocrx_word' id='word_1_165' title='bbox 2434 2029 2621 2083; x_wconf 86' lang='lat' dir='ltr'><strong>aetate</strong></span> 
     </span>
     <span class='ocr_line' id='line_1_20' title="bbox 500 2105 2622 2186; baseline 0.001 -22"><span class='ocrx_word' id='word_1_166' title='bbox 500 2105 723 2183; x_wconf 88' lang='lat' dir='ltr'><strong>optime</strong></span> <span class='ocrx_word' id='word_1_167' title='bbox 764 2106 1046 2178; x_wconf 90' lang='lat' dir='ltr'><strong>concinit,</strong></span> <span class='ocrx_word' id='word_1_168' title='bbox 1085 2124 1259 2184; x_wconf 90' lang='lat' dir='ltr'><strong>quam</strong></span> <span class='ocrx_word' id='word_1_169' title='bbox 1299 2107 1552 2167; x_wconf 88' lang='lat' dir='ltr'><strong>vidimus</strong></span> <span class='ocrx_word' id='word_1_170' title='bbox 1595 2126 1782 2186; x_wconf 90' lang='lat' dir='ltr'><strong>usque</strong></span> <span class='ocrx_word' id='word_1_171' title='bbox 1826 2108 1900 2168; x_wconf 92' lang='lat' dir='ltr'><strong>ad</strong></span> <span class='ocrx_word' id='word_1_172' title='bbox 1939 2106 2157 2167; x_wconf 86' lang='lat' dir='ltr'><strong>exitum</strong></span> <span class='ocrx_word' id='word_1_173' title='bbox 2188 2106 2402 2167; x_wconf 85' lang='lat' dir='ltr'><strong>saeculi</strong></span> <span class='ocrx_word' id='word_1_174' title='bbox 2433 2108 2622 2185; x_wconf 88' lang='lat' dir='ltr'><strong>quinti</strong></span> 
     </span>
     <span class='ocr_line' id='line_1_21' title="bbox 499 2189 810 2267; baseline 0 -18"><span class='ocrx_word' id='word_1_175' title='bbox 499 2189 810 2267; x_wconf 88' lang='lat' dir='ltr'><strong>pertinere.</strong></span> 
     </span>
    </p>

    <p class='ocr_par' dir='ltr' id='par_1_5' title="bbox 497 2273 2625 3113">
     <span class='ocr_line' id='line_1_22' title="bbox 669 2273 2621 2355; baseline 0.001 -20"><span class='ocrx_word' id='word_1_176' title='bbox 669 2276 815 2335; x_wconf 89' lang='lat' dir='ltr'><strong>Post</strong></span> <span class='ocrx_word' id='word_1_177' title='bbox 837 2273 1198 2334; x_wconf 88' lang='lat' dir='ltr'><strong>Hellanicum</strong></span> <span class='ocrx_word' id='word_1_178' title='bbox 1231 2275 1564 2336; x_wconf 85' lang='lat' dir='ltr'><strong>sacerdotes</strong></span> <span class='ocrx_word' id='word_1_179' title='bbox 1587 2275 1826 2355; x_wconf 78' lang='lat' dir='ltr'><strong>Argivas</strong></span> <span class='ocrx_word' id='word_1_180' title='bbox 1856 2277 1928 2337; x_wconf 91' lang='lat' dir='ltr'><strong>ad</strong></span> <span class='ocrx_word' id='word_1_181' title='bbox 1961 2294 2113 2353; x_wconf 89' lang='lat' dir='ltr'><strong>opus</strong></span> <span class='ocrx_word' id='word_1_182' title='bbox 2137 2276 2483 2337; x_wconf 89' lang='lat' dir='ltr'><strong>historicum</strong></span> <span class='ocrx_word' id='word_1_183' title='bbox 2514 2276 2621 2336; x_wconf 84' lang='lat' dir='ltr'><strong>ad-</strong></span> 
     </span>
     <span class='ocr_line' id='line_1_23' title="bbox 498 2358 2621 2433; baseline 0 -14"><span class='ocrx_word' id='word_1_184' title='bbox 498 2358 686 2419; x_wconf 89' lang='lat' dir='ltr'><strong>hibuit</strong></span> <span class='ocrx_word' id='word_1_185' title='bbox 713 2358 1044 2419; x_wconf 85' lang='lat' dir='ltr'><strong>Heraclides</strong></span> <span class='ocrx_word' id='word_1_186' title='bbox 1074 2360 1383 2433; x_wconf 82' lang='lat' dir='ltr'><strong>PonticuS‚</strong></span> <span class='ocrx_word' id='word_1_187' title='bbox 1424 2361 1485 2420; x_wconf 92' lang='lat' dir='ltr'><strong>in</strong></span> <span class='ocrx_word' id='word_1_188' title='bbox 1513 2361 1665 2421; x_wconf 92' lang='lat' dir='ltr'><strong>libro</strong></span> <span class='ocrx_word' id='word_1_189' title='bbox 1700 2362 1771 2421; x_wconf 89' lang='lat' dir='ltr'><strong>de</strong></span> <span class='ocrx_word' id='word_1_190' title='bbox 1799 2361 2040 2421; x_wconf 87' lang='lat' dir='ltr'><strong>musicis</strong></span> <span class='ocrx_word' id='word_1_191' title='bbox 2071 2361 2421 2429; x_wconf 80' lang='lat' dir='ltr'><strong>illustribuS‚</strong></span> <span class='ocrx_word' id='word_1_192' title='bbox 2452 2360 2621 2421; x_wconf 88' lang='lat' dir='ltr'><strong>cuius</strong></span> 
     </span>
     <span class='ocr_line' id='line_1_24' title="bbox 497 2437 2625 2547; baseline 0 -43"><span class='ocrx_word' id='word_1_193' title='bbox 497 2444 722 2504; x_wconf 81' lang='lat' dir='ltr'><strong>fontem</strong></span> <span class='ocrx_word' id='word_1_194' title='bbox 754 2445 1098 2504; x_wconf 82' lang='lat' dir='ltr'><strong>Plutarchus</strong></span> <span class='ocrx_word' id='word_1_195' title='bbox 1142 2445 1214 2504; x_wconf 92' lang='lat' dir='ltr'><strong>de</strong></span> <span class='ocrx_word' id='word_1_196' title='bbox 1254 2445 1481 2505; x_wconf 90' lang='lat' dir='ltr'><strong>musica</strong></span> <span class='ocrx_word' id='word_1_197' title='bbox 1518 2464 1566 2505; x_wconf 93' lang='lat' dir='ltr'><strong>c.</strong></span> <span class='ocrx_word' id='word_1_198' title='bbox 1600 2445 1637 2505; x_wconf 89' lang='lat'><strong>3</strong></span> <span class='ocrx_word' id='word_1_199' title='bbox 1676 2445 1860 2505; x_wconf 85' lang='lat' dir='ltr'><strong>fuisse</strong></span> <span class='ocrx_word' id='word_1_200' title='bbox 1898 2446 2039 2505; x_wconf 89' lang='lat' dir='ltr'><strong>dicit</strong></span> <span class='ocrx_word' id='word_1_201' title='bbox 2079 2440 2199 2547; x_wconf 76' lang='grc' dir='ltr'><strong>τήν</strong></span> <span class='ocrx_word' id='word_1_202' title='bbox 2238 2437 2625 2547; x_wconf 79' lang='grc' dir='ltr'><strong><em>αναγραφὴν</em></strong></span> 
     </span>
     <span class='ocr_line' id='line_1_25' title="bbox 498 2516 2624 2631; baseline 0 -43"><span class='ocrx_word' id='word_1_203' title='bbox 498 2547 698 2631; x_wconf 59' lang='grc' dir='ltr'><strong><em>τιζν</em></strong></span> <span class='ocrx_word' id='word_1_204' title='bbox 645 2548 715 2589; x_wconf 87' lang='grc' dir='ltr'><strong>εν</strong></span> <span class='ocrx_word' id='word_1_205' title='bbox 741 2525 1027 2588; x_wconf 76' lang='grc' dir='ltr'><strong><em>Σικυῶνι</em></strong></span> <span class='ocrx_word' id='word_1_206' title='bbox 1059 2520 1503 2630; x_wconf 81' lang='grc' dir='ltr'><strong><em>αποκειμένην</em></strong></span> <span class='ocrx_word' id='word_1_207' title='bbox 1532 2529 1630 2607; x_wconf 86' lang='lat' dir='ltr'><strong>(cf.</strong></span> <span class='ocrx_word' id='word_1_208' title='bbox 1662 2549 1710 2589; x_wconf 92' lang='lat' dir='ltr'><strong>c.</strong></span> <span class='ocrx_word' id='word_1_209' title='bbox 1737 2528 1821 2605; x_wconf 87' lang='grc'><strong>8),</strong></span> <span class='ocrx_word' id='word_1_210' title='bbox 1871 2519 1970 2589; x_wconf 76' lang='grc' dir='ltr'><strong>δι’</strong></span> <span class='ocrx_word' id='word_1_211' title='bbox 1972 2516 2089 2631; x_wconf 84' lang='grc' dir='ltr'><strong>ἧς</strong></span> <span class='ocrx_word' id='word_1_212' title='bbox 2114 2522 2236 2602; x_wconf 79' lang='grc' dir='ltr'><strong><em>τάς</em></strong></span> <span class='ocrx_word' id='word_1_213' title='bbox 2274 2548 2348 2589; x_wconf 84' lang='grc' dir='ltr'><strong>τε</strong></span> <span class='ocrx_word' id='word_1_214' title='bbox 2377 2520 2624 2631; x_wconf 85' lang='grc' dir='ltr'><strong><em>ιερείας</em></strong></span> 
     </span>
     <span class='ocr_line' id='line_1_26' title="bbox 499 2603 2624 2694; baseline 0.001 -21"><span class='ocrx_word' id='word_1_215' title='bbox 499 2632 623 2684; x_wconf 82' lang='grc' dir='ltr'><strong>τας</strong></span> <span class='ocrx_word' id='word_1_216' title='bbox 664 2606 733 2673; x_wconf 75' lang='grc' dir='ltr'><strong><em>ἓν</em></strong></span> <span class='ocrx_word' id='word_1_217' title='bbox 758 2603 985 2692; x_wconf 85' lang='grc' dir='ltr'><strong><em>Ἀργει</em></strong></span> <span class='ocrx_word' id='word_1_218' title='bbox 1028 2606 1144 2672; x_wconf 82' lang='grc' dir='ltr'><strong>καὶ</strong></span> <span class='ocrx_word' id='word_1_219' title='bbox 1187 2609 1341 2686; x_wconf 73' lang='grc' dir='ltr'><strong><em>τοὺς</em></strong></span> <span class='ocrx_word' id='word_1_220' title='bbox 1381 2631 1675 2694; x_wconf 84' lang='grc' dir='ltr'><strong><em>ποιητας</em></strong></span> <span class='ocrx_word' id='word_1_221' title='bbox 1716 2609 1833 2672; x_wconf 81' lang='grc' dir='ltr'><strong>καὶ</strong></span> <span class='ocrx_word' id='word_1_222' title='bbox 1875 2608 2028 2685; x_wconf 81' lang='grc' dir='ltr'><strong>τούς</strong></span> <span class='ocrx_word' id='word_1_223' title='bbox 2069 2609 2432 2691; x_wconf 76' lang='grc' dir='ltr'><strong><em>μουσικούς</em></strong></span> <span class='ocrx_word' id='word_1_224' title='bbox 2475 2605 2624 2675; x_wconf 82' lang='grc' dir='ltr'><strong><em>ὀνο-</em></strong></span> 
     </span>
     <span class='ocr_line' id='line_1_27' title="bbox 499 2691 2622 2776; baseline 0.001 -21"><span class='ocrx_word' id='word_1_225' title='bbox 499 2691 713 2776; x_wconf 81' lang='grc' dir='ltr'><strong><em>μάζει,</em></strong></span> <span class='ocrx_word' id='word_1_226' title='bbox 743 2698 902 2774; x_wconf 85' lang='lat' dir='ltr'><strong>unde</strong></span> <span class='ocrx_word' id='word_1_227' title='bbox 930 2696 1100 2773; x_wconf 84' lang='lat' dir='ltr'><strong>vulgo</strong></span> <span class='ocrx_word' id='word_1_228' title='bbox 1126 2697 1299 2757; x_wconf 89' lang='lat' dir='ltr'><strong>etiam</strong></span> <span class='ocrx_word' id='word_1_229' title='bbox 1325 2697 1684 2757; x_wconf 87' lang='lat' dir='ltr'><strong>Hellanicum</strong></span> <span class='ocrx_word' id='word_1_230' title='bbox 1708 2697 2165 2758; x_wconf 87' lang='lat' dir='ltr'><strong>commentarios</strong></span> <span class='ocrx_word' id='word_1_231' title='bbox 2192 2698 2622 2776; x_wconf 80' lang='lat' dir='ltr'><strong>Sicyoniorum,</strong></span> 
     </span>
     <span class='ocr_line' id='line_1_28' title="bbox 502 2781 2621 2877; baseline 0.001 -36"><span class='ocrx_word' id='word_1_232' title='bbox 502 2798 626 2841; x_wconf 89' lang='lat' dir='ltr'><strong>non</strong></span> <span class='ocrx_word' id='word_1_233' title='bbox 652 2781 996 2877; x_wconf 81' lang='lat' dir='ltr'><strong>Argivorum</strong></span> <span class='ocrx_word' id='word_1_234' title='bbox 1029 2787 1295 2841; x_wconf 90' lang='lat' dir='ltr'><strong>secutum</strong></span> <span class='ocrx_word' id='word_1_235' title='bbox 1326 2800 1460 2841; x_wconf 89' lang='lat' dir='ltr'><strong>esse</strong></span> <span class='ocrx_word' id='word_1_236' title='bbox 1483 2782 1723 2842; x_wconf 90' lang='lat' dir='ltr'><strong>tradunt</strong></span> <span class='ocrx_word' id='word_1_237' title='bbox 1740 2782 1763 2821; x_wconf 84' lang='lat'>⁷</span> <span class='ocrx_word' id='word_1_238' title='bbox 1781 2783 1857 2856; x_wconf 76' lang='grc'>8),</span> <span class='ocrx_word' id='word_1_239' title='bbox 1889 2783 2044 2860; x_wconf 91' lang='lat' dir='ltr'><strong>quod</strong></span> <span class='ocrx_word' id='word_1_240' title='bbox 2070 2782 2279 2843; x_wconf 89' lang='lat' dir='ltr'><strong>falsum</strong></span> <span class='ocrx_word' id='word_1_241' title='bbox 2305 2801 2433 2843; x_wconf 90' lang='lat' dir='ltr'><strong>esse</strong></span> <span class='ocrx_word' id='word_1_242' title='bbox 2455 2791 2621 2862; x_wconf 90' lang='lat' dir='ltr'><strong>puto.</strong></span> 
     </span>
     <span class='ocr_line' id='line_1_29' title="bbox 499 2864 2623 2946; baseline 0 -21"><span class='ocrx_word' id='word_1_243' title='bbox 499 2864 646 2925; x_wconf 90' lang='lat' dir='ltr'><strong>Nam</strong></span> <span class='ocrx_word' id='word_1_244' title='bbox 679 2873 838 2943; x_wconf 88' lang='lat' dir='ltr'><strong>patet</strong></span> <span class='ocrx_word' id='word_1_245' title='bbox 866 2865 1152 2925; x_wconf 85' lang='lat' dir='ltr'><strong>rationem</strong></span> <span class='ocrx_word' id='word_1_246' title='bbox 1184 2866 1336 2926; x_wconf 91' lang='lat' dir='ltr'><strong>illam</strong></span> <span class='ocrx_word' id='word_1_247' title='bbox 1370 2883 1560 2926; x_wconf 92' lang='lat' dir='ltr'><strong>annos</strong></span> <span class='ocrx_word' id='word_1_248' title='bbox 1592 2867 1938 2926; x_wconf 90' lang='lat' dir='ltr'><strong>numerandi</strong></span> <span class='ocrx_word' id='word_1_249' title='bbox 1969 2865 2040 2926; x_wconf 95' lang='lat' dir='ltr'><strong>ab</strong></span> <span class='ocrx_word' id='word_1_250' title='bbox 2063 2867 2291 2945; x_wconf 85' lang='lat' dir='ltr'><strong>Argivis</strong></span> <span class='ocrx_word' id='word_1_251' title='bbox 2314 2868 2383 2927; x_wconf 92' lang='lat' dir='ltr'><strong>ad</strong></span> <span class='ocrx_word' id='word_1_252' title='bbox 2412 2868 2623 2946; x_wconf 78' lang='lat' dir='ltr'><strong>Sicyo-</strong></span> 
     </span>
     <span class='ocr_line' id='line_1_30' title="bbox 499 2949 2625 3030; baseline 0.002 -23"><span class='ocrx_word' id='word_1_253' title='bbox 499 2949 990 3011; x_wconf 84' lang='lat' dir='ltr'><strong>niostranslatam</strong></span> <span class='ocrx_word' id='word_1_254' title='bbox 1016 2967 1168 3020; x_wconf 91' lang='lat' dir='ltr'><strong>esse,</strong></span> <span class='ocrx_word' id='word_1_255' title='bbox 1202 2969 1351 3026; x_wconf 89' lang='lat' dir='ltr'><strong>quos</strong></span> <span class='ocrx_word' id='word_1_256' title='bbox 1377 2951 1652 3028; x_wconf 89' lang='lat' dir='ltr'><strong>primitus</strong></span> <span class='ocrx_word' id='word_1_257' title='bbox 1679 2957 1909 3011; x_wconf 88' lang='lat' dir='ltr'><strong>constat</strong></span> <span class='ocrx_word' id='word_1_258' title='bbox 1937 2958 2203 3029; x_wconf 89' lang='lat' dir='ltr'><strong>tempora</strong></span> <span class='ocrx_word' id='word_1_259' title='bbox 2235 2952 2625 3030; x_wconf 87' lang='lat' dir='ltr'><strong>descripsisse</strong></span> 
     </span>
     <span class='ocr_line' id='line_1_31' title="bbox 502 3033 2620 3113; baseline 0.001 -20"><span class='ocrx_word' id='word_1_260' title='bbox 502 3034 825 3093; x_wconf 89' lang='lat' dir='ltr'><strong>secundum</strong></span> <span class='ocrx_word' id='word_1_261' title='bbox 861 3033 1194 3093; x_wconf 85' lang='lat' dir='ltr'><strong>sacerdotes</strong></span> <span class='ocrx_word' id='word_1_262' title='bbox 1218 3034 1505 3110; x_wconf 80' lang='lat' dir='ltr'><strong>Apollinis</strong></span> <span class='ocrx_word' id='word_1_263' title='bbox 1531 3035 1752 3105; x_wconf 89' lang='lat' dir='ltr'><strong>Carnei,</strong></span> <span class='ocrx_word' id='word_1_264' title='bbox 1787 3053 1933 3113; x_wconf 88' lang='lat' dir='ltr'><strong>quae</strong></span> <span class='ocrx_word' id='word_1_265' title='bbox 1954 3037 2101 3095; x_wconf 92' lang='lat' dir='ltr'><strong>ratio</strong></span> <span class='ocrx_word' id='word_1_266' title='bbox 2125 3036 2186 3095; x_wconf 93' lang='lat' dir='ltr'><strong>in</strong></span> <span class='ocrx_word' id='word_1_267' title='bbox 2209 3053 2455 3096; x_wconf 91' lang='lat' dir='ltr'><strong>recensu</strong></span> <span class='ocrx_word' id='word_1_268' title='bbox 2478 3036 2620 3096; x_wconf 90' lang='lat' dir='ltr'><strong>Car-</strong></span> 
     </span>
    </p>

    <p class='ocr_par' dir='ltr' id='par_1_6' title="bbox 421 3117 2620 3368">
     <span class='ocr_line' id='line_1_32' title="bbox 421 3117 2619 3198; baseline 0.002 -22"><span class='ocrx_word' id='word_1_269' title='bbox 421 3134 476 3175; x_wconf 65' lang='lat' dir='ltr'><strong>as</strong></span> <span class='ocrx_word' id='word_1_270' title='bbox 502 3120 914 3190; x_wconf 84' lang='lat' dir='ltr'><strong>neonicarum‚</strong></span> <span class='ocrx_word' id='word_1_271' title='bbox 977 3117 1201 3195; x_wconf 89' lang='lat' dir='ltr'><strong>qualem</strong></span> <span class='ocrx_word' id='word_1_272' title='bbox 1256 3118 1590 3179; x_wconf 89' lang='lat' dir='ltr'><strong>Heraclides</strong></span> <span class='ocrx_word' id='word_1_273' title='bbox 1645 3120 1894 3198; x_wconf 80' lang='lat' dir='ltr'><strong>Sicyone</strong></span> <span class='ocrx_word' id='word_1_274' title='bbox 1944 3120 2325 3197; x_wconf 88' lang='lat' dir='ltr'><strong>investigasse</strong></span> <span class='ocrx_word' id='word_1_275' title='bbox 2374 3120 2619 3190; x_wconf 85' lang='lat' dir='ltr'><strong>videtur,</strong></span> 
     </span>
     <span class='ocr_line' id='line_1_33' title="bbox 502 3202 2620 3281; baseline 0.001 -18"><span class='ocrx_word' id='word_1_276' title='bbox 502 3204 673 3281; x_wconf 87' lang='lat' dir='ltr'><strong>longe</strong></span> <span class='ocrx_word' id='word_1_277' title='bbox 725 3202 1273 3263; x_wconf 87' lang='lat' dir='ltr'><strong>convenientissima</strong></span> <span class='ocrx_word' id='word_1_278' title='bbox 1326 3211 1466 3263; x_wconf 89' lang='lat' dir='ltr'><strong>erat.</strong></span> <span class='ocrx_word' id='word_1_279' title='bbox 1554 3205 1801 3264; x_wconf 82' lang='lat' dir='ltr'><strong>Exstant</strong></span> <span class='ocrx_word' id='word_1_280' title='bbox 1851 3205 1910 3263; x_wconf 91' lang='lat' dir='ltr'><strong>in</strong></span> <span class='ocrx_word' id='word_1_281' title='bbox 1957 3205 2192 3265; x_wconf 87' lang='lat' dir='ltr'><strong>Eusebii</strong></span> <span class='ocrx_word' id='word_1_282' title='bbox 2245 3224 2313 3265; x_wconf 85' lang='lat' dir='ltr'><strong>ex</strong></span> <span class='ocrx_word' id='word_1_283' title='bbox 2359 3204 2620 3268; x_wconf 86' lang='lat' dir='ltr'><strong>Castoris</strong></span> 
     </span>
     <span class='ocr_line' id='line_1_34' title="bbox 502 3286 2618 3368; baseline 0.001 -21"><span class='ocrx_word' id='word_1_284' title='bbox 502 3287 796 3347; x_wconf 88' lang='lat' dir='ltr'><strong>chronicis</strong></span> <span class='ocrx_word' id='word_1_285' title='bbox 827 3288 1112 3365; x_wconf 86' lang='lat' dir='ltr'><strong>excerptis</strong></span> <span class='ocrx_word' id='word_1_286' title='bbox 1146 3286 1393 3364; x_wconf 88' lang='lat' dir='ltr'><strong>(Chron.</strong></span> <span class='ocrx_word' id='word_1_287' title='bbox 1424 3288 1471 3360; x_wconf 88' lang='lat'><strong>1,</strong></span> <span class='ocrx_word' id='word_1_288' title='bbox 1504 3307 1553 3348; x_wconf 97' lang='grc'><strong>3.</strong></span> <span class='ocrx_word' id='word_1_289' title='bbox 1586 3289 1702 3367; x_wconf 86' lang='grc'><strong>25)</strong></span> <span class='ocrx_word' id='word_1_290' title='bbox 1736 3297 1963 3368; x_wconf 90' lang='lat' dir='ltr'><strong>septem</strong></span> <span class='ocrx_word' id='word_1_291' title='bbox 1997 3290 2215 3348; x_wconf 85' lang='lat' dir='ltr'><strong>horum</strong></span> <span class='ocrx_word' id='word_1_292' title='bbox 2247 3290 2618 3350; x_wconf 85' lang='lat' dir='ltr'><strong>sacerdotum</strong></span> 
     </span>
    </p>
   </div>
   <div class='ocr_carea' id='block_1_3' title="bbox 503 3425 905 3432">
    <p class='ocr_par' dir='ltr' id='par_1_7' title="bbox 503 3425 905 3432">
     <span class='ocr_line' id='line_1_35' title="bbox 503 3425 905 3432; baseline 0 1285"><span class='ocrx_word' id='word_1_293' title='bbox 503 3425 905 3432; x_wconf 95' lang='lat' dir='ltr'><strong> </strong></span> 
     </span>
    </p>
   </div>
   <div class='ocr_carea' id='block_1_4' title="bbox 500 3504 2632 4115">
    <p class='ocr_par' dir='ltr' id='par_1_8' title="bbox 500 3504 2625 3983">
     <span class='ocr_line' id='line_1_36' title="bbox 635 3504 2620 3593; baseline 0.004 -41.02"><span class='ocrx_word' id='word_1_294' title='bbox 635 3504 727 3585; x_wconf 84' lang='lat'><strong>77)</strong></span> <span class='ocrx_word' id='word_1_295' title='bbox 765 3506 1064 3556; x_wconf 82' lang='lat' dir='ltr'><strong>Accuratius</strong></span> <span class='ocrx_word' id='word_1_296' title='bbox 1089 3508 1203 3558; x_wconf 89' lang='lat' dir='ltr'><strong>Sch.</strong></span> <span class='ocrx_word' id='word_1_297' title='bbox 1233 3506 1461 3589; x_wconf 80' lang='lat' dir='ltr'><strong>Thucyd.</strong></span> <span class='ocrx_word' id='word_1_298' title='bbox 1488 3509 1523 3559; x_wconf 91' lang='lat'><strong>1.</strong></span> <span class='ocrx_word' id='word_1_299' title='bbox 1550 3525 1594 3558; x_wconf 91' lang='grc'><strong>3.</strong></span> <span class='ocrx_word' id='word_1_300' title='bbox 1621 3507 1683 3559; x_wconf 89' lang='grc' dir='ltr'><strong><em>τὸ</em></strong></span> <span class='ocrx_word' id='word_1_301' title='bbox 1711 3504 1922 3593; x_wconf 72' lang='grc' dir='ltr'><strong><em>ὄγδοον</em></strong></span> <span class='ocrx_word' id='word_1_302' title='bbox 1945 3504 2256 3589; x_wconf 74' lang='grc' dir='ltr'><strong><em>ἐπλήρωσε,</em></strong></span> <span class='ocrx_word' id='word_1_303' title='bbox 2281 3508 2344 3559; x_wconf 89' lang='grc' dir='ltr'><strong><em>τὸ</em></strong></span> <span class='ocrx_word' id='word_1_304' title='bbox 2374 3507 2437 3561; x_wconf 72' lang='grc' dir='ltr'><strong>δὲ</strong></span> <span class='ocrx_word' id='word_1_305' title='bbox 2463 3508 2620 3563; x_wconf 79' lang='grc' dir='ltr'><strong><em>ἔννα-</em></strong></span> 
     </span>
     <span class='ocr_line' id='line_1_37' title="bbox 502 3567 2620 3645; baseline 0.003 -22"><span class='ocrx_word' id='word_1_306' title='bbox 502 3587 600 3624; x_wconf 91' lang='grc' dir='ltr'><strong>τον</strong></span> <span class='ocrx_word' id='word_1_307' title='bbox 622 3567 922 3641; x_wconf 70' lang='grc' dir='ltr'><strong><em>ἡμιτελὲς’</em></strong></span> <span class='ocrx_word' id='word_1_308' title='bbox 893 3590 984 3637; x_wconf 86' lang='grc' dir='ltr'><strong>ην,</strong></span> <span class='ocrx_word' id='word_1_309' title='bbox 1020 3569 1161 3625; x_wconf 80' lang='grc' dir='ltr'><strong><em>ὥστε</em></strong></span> <span class='ocrx_word' id='word_1_310' title='bbox 1192 3572 1258 3625; x_wconf 82' lang='grc' dir='ltr'><strong><em>τὰ</em></strong></span> <span class='ocrx_word' id='word_1_311' title='bbox 1294 3574 1480 3627; x_wconf 79' lang='grc' dir='ltr'><strong><em>πάντα</em></strong></span> <span class='ocrx_word' id='word_1_312' title='bbox 1513 3572 1857 3640; x_wconf 83' lang='grc' dir='ltr'><strong><em>πεντήκοντα</em></strong></span> <span class='ocrx_word' id='word_1_313' title='bbox 1892 3575 1951 3635; x_wconf 74' lang='grc' dir='ltr'><strong>ἓξ</strong></span> <span class='ocrx_word' id='word_1_314' title='bbox 1981 3571 2156 3645; x_wconf 80' lang='grc' dir='ltr'><strong><em>ἥμισυ</em></strong></span> <span class='ocrx_word' id='word_1_315' title='bbox 2185 3576 2273 3641; x_wconf 82' lang='grc' dir='ltr'><strong><em>ἔτη</em></strong></span> <span class='ocrx_word' id='word_1_316' title='bbox 2301 3574 2615 3641; x_wconf 71' lang='grc' dir='ltr'><strong><em>διήνυσεν“</em></strong></span> <span class='ocrx_word' id='word_1_317' title='bbox 2584 3596 2620 3641; x_wconf 89' lang='grc' dir='ltr'><em>η</em></span> 
     </span>
     <span class='ocr_line' id='line_1_38' title="bbox 505 3641 2620 3725; baseline 0 -32"><span class='ocrx_word' id='word_1_318' title='bbox 505 3643 721 3724; x_wconf 79' lang='grc' dir='ltr'><strong><em>Χρυσὶς</em></strong></span> <span class='ocrx_word' id='word_1_319' title='bbox 745 3643 934 3707; x_wconf 79' lang='grc' dir='ltr'><strong><em>ἱέρεια,</em></strong></span> <span class='ocrx_word' id='word_1_320' title='bbox 961 3641 1023 3692; x_wconf 84' lang='lat' dir='ltr'><strong>cf.</strong></span> <span class='ocrx_word' id='word_1_321' title='bbox 1050 3643 1204 3693; x_wconf 85' lang='lat' dir='ltr'><strong>Thuc.</strong></span> <span class='ocrx_word' id='word_1_322' title='bbox 1224 3642 1280 3705; x_wconf 88' lang='grc' dir='ltr'>ΙΙ,</span> <span class='ocrx_word' id='word_1_323' title='bbox 1310 3648 1356 3693; x_wconf 83' lang='grc'><strong>2.</strong></span> <span class='ocrx_word' id='word_1_324' title='bbox 1407 3645 1479 3693; x_wconf 90' lang='lat' dir='ltr'><strong>De</strong></span> <span class='ocrx_word' id='word_1_325' title='bbox 1506 3646 1677 3709; x_wconf 88' lang='lat' dir='ltr'><strong>templi</strong></span> <span class='ocrx_word' id='word_1_326' title='bbox 1703 3647 2088 3708; x_wconf 80' lang='lat' dir='ltr'><strong>conflagratione</strong></span> <span class='ocrx_word' id='word_1_327' title='bbox 2114 3643 2178 3694; x_wconf 82' lang='lat' dir='ltr'><strong>cf.</strong></span> <span class='ocrx_word' id='word_1_328' title='bbox 2206 3645 2354 3695; x_wconf 76' lang='lat' dir='ltr'><strong>Paus,</strong></span> <span class='ocrx_word' id='word_1_329' title='bbox 2380 3644 2437 3708; x_wconf 85' lang='grc' dir='ltr'>ΙΙ,</span> <span class='ocrx_word' id='word_1_330' title='bbox 2468 3647 2544 3707; x_wconf 88' lang='grc'><strong>17,</strong></span> <span class='ocrx_word' id='word_1_331' title='bbox 2562 3647 2620 3725; x_wconf 88' lang='lat'><strong>7,</strong></span> 
     </span>
     <span class='ocr_line' id='line_1_39' title="bbox 502 3682 2625 3793; baseline 0.001 -35"><span class='ocrx_word' id='word_1_332' title='bbox 502 3715 583 3793; x_wconf 64' lang='lat' dir='ltr'><strong>qui</strong></span> <span class='ocrx_word' id='word_1_333' title='bbox 603 3711 741 3760; x_wconf 84' lang='lat' dir='ltr'><strong>addit</strong></span> <span class='ocrx_word' id='word_1_334' title='bbox 766 3712 902 3772; x_wconf 81' lang='lat' dir='ltr'><strong>haec,</strong></span> <span class='ocrx_word' id='word_1_335' title='bbox 929 3711 1019 3759; x_wconf 85' lang='grc' dir='ltr'><strong><em>καὶ</em></strong></span> <span class='ocrx_word' id='word_1_336' title='bbox 1037 3710 1298 3792; x_wconf 79' lang='grc' dir='ltr'><strong><em>Χρυσηῒς</em></strong></span> <span class='ocrx_word' id='word_1_337' title='bbox 1368 3709 1428 3762; x_wconf 79' lang='grc' dir='ltr'><strong><em>ὲν</em></strong></span> <span class='ocrx_word' id='word_1_338' title='bbox 1452 3708 1785 3763; x_wconf 75' lang='grc' dir='ltr'><strong><em>ἀπελθοῦσα</em></strong></span> <span class='ocrx_word' id='word_1_339' title='bbox 1812 3712 1867 3767; x_wconf 74' lang='grc' dir='ltr'><strong>ἐς</strong></span> <span class='ocrx_word' id='word_1_340' title='bbox 1896 3713 2105 3793; x_wconf 81' lang='grc' dir='ltr'><strong><em>Τεγέαν</em></strong></span> <span class='ocrx_word' id='word_1_341' title='bbox 2128 3710 2227 3776; x_wconf 87' lang='grc' dir='ltr'><strong>τὴν</strong></span> <span class='ocrx_word' id='word_1_342' title='bbox 2254 3682 2496 3775; x_wconf 54' lang='lat' dir='ltr'><strong>amatu</strong></span> <span class='ocrx_word' id='word_1_343' title='bbox 2520 3684 2625 3777; x_wconf 84' lang='grc' dir='ltr'><strong>τὴν</strong></span> 
     </span>
     <span class='ocr_line' id='line_1_40' title="bbox 504 3729 2625 3859; baseline 0.001 -31"><span class='ocrx_word' id='word_1_344' title='bbox 504 3779 694 3828; x_wconf 81' lang='grc' dir='ltr'><strong><em>Λλέαν</em></strong></span> <span class='ocrx_word' id='word_1_345' title='bbox 721 3779 973 3828; x_wconf 80' lang='grc' dir='ltr'><strong><em>ἱκέτευεν.</em></strong></span> <span class='ocrx_word' id='word_1_346' title='bbox 1030 3774 1268 3845; x_wconf 76' lang='grc' dir='ltr'><strong><em>Λργεῖοι</em></strong></span> <span class='ocrx_word' id='word_1_347' title='bbox 1274 3729 1361 3830; x_wconf 47' lang='lat'><strong><em>§0⁴2¹</em></strong></span> <span class='ocrx_word' id='word_1_348' title='bbox 1379 3784 1584 3829; x_wconf 81' lang='grc' dir='ltr'><strong><em>καίπερ</em></strong></span> <span class='ocrx_word' id='word_1_349' title='bbox 1610 3781 1783 3830; x_wconf 87' lang='grc' dir='ltr'><strong><em>κακοῦ</em></strong></span> <span class='ocrx_word' id='word_1_350' title='bbox 1807 3775 2131 3842; x_wconf 77' lang='grc' dir='ltr'><strong><em>τηλικούτου</em></strong></span> <span class='ocrx_word' id='word_1_351' title='bbox 2149 3776 2432 3859; x_wconf 80' lang='grc' dir='ltr'><strong><em>παρόντος</em></strong></span> <span class='ocrx_word' id='word_1_352' title='bbox 2452 3783 2625 3848; x_wconf 82' lang='grc' dir='ltr'><strong><em>σφίσι</em></strong></span> 
     </span>
     <span class='ocr_line' id='line_1_41' title="bbox 500 3842 2621 3915; baseline 0.002 -20"><span class='ocrx_word' id='word_1_353' title='bbox 500 3844 601 3909; x_wconf 89' lang='grc' dir='ltr'><strong>τὴν</strong></span> <span class='ocrx_word' id='word_1_354' title='bbox 626 3842 813 3896; x_wconf 82' lang='grc' dir='ltr'><strong><em>εἰκόια</em></strong></span> <span class='ocrx_word' id='word_1_355' title='bbox 849 3842 913 3894; x_wconf 82' lang='grc' dir='ltr'><strong>οὐ</strong></span> <span class='ocrx_word' id='word_1_356' title='bbox 940 3849 1204 3896; x_wconf 52' lang='grc' dir='ltr'><strong><em>καθεῖλον</em></strong></span> <span class='ocrx_word' id='word_1_357' title='bbox 1226 3847 1322 3909; x_wconf 85' lang='grc' dir='ltr'><strong><em>τῆς</em></strong></span> <span class='ocrx_word' id='word_1_358' title='bbox 1349 3844 1696 3915; x_wconf 69' lang='grc' dir='ltr'><strong><em>Χουσηῖὶῖος·</em></strong></span> <span class='ocrx_word' id='word_1_359' title='bbox 1732 3842 2017 3899; x_wconf 78' lang='grc' dir='ltr'><strong><em>ἀνάκειται</em></strong></span> <span class='ocrx_word' id='word_1_360' title='bbox 2052 3846 2115 3898; x_wconf 77' lang='grc' dir='ltr'><strong>δὲ</strong></span> <span class='ocrx_word' id='word_1_361' title='bbox 2147 3849 2240 3898; x_wconf 81' lang='grc' dir='ltr'><strong>καὶ</strong></span> <span class='ocrx_word' id='word_1_362' title='bbox 2273 3846 2328 3903; x_wconf 72' lang='grc' dir='ltr'><strong>ἐς</strong></span> <span class='ocrx_word' id='word_1_363' title='bbox 2363 3845 2494 3899; x_wconf 76' lang='grc' dir='ltr'><strong><em>τόδε</em></strong></span> <span class='ocrx_word' id='word_1_364' title='bbox 2518 3850 2621 3899; x_wconf 87' lang='grc' dir='ltr'><strong><em>τοῦ</em></strong></span> 
     </span>
     <span class='ocr_line' id='line_1_42' title="bbox 500 3913 1606 3997; baseline 0.001 -33"><span class='ocrx_word' id='word_1_365' title='bbox 500 3913 639 3964; x_wconf 85' lang='grc' dir='ltr'><strong><em>ναοῦ</em></strong></span> <span class='ocrx_word' id='word_1_366' title='bbox 665 3914 764 3963; x_wconf 86' lang='grc' dir='ltr'><strong><em>τοῦ</em></strong></span> <span class='ocrx_word' id='word_1_367' title='bbox 788 3915 1231 3969; x_wconf 71' lang='grc' dir='ltr'><strong><em>κατακαυθέντος</em></strong></span> <span class='ocrx_word' id='word_1_368' title='bbox 1254 3913 1606 3997; x_wconf 74' lang='grc' dir='ltr'><strong><em>ἔμπροσθεν.</em></strong></span> 
     </span>
    </p>

    <p class='ocr_par' dir='ltr' id='par_1_9' title="bbox 503 3981 2632 4115">
     <span class='ocr_line' id='line_1_43' title="bbox 640 3981 2632 4049; baseline 0.003 -21"><span class='ocrx_word' id='word_1_369' title='bbox 640 3981 721 4039; x_wconf 85' lang='grc'><strong>78)</strong></span> <span class='ocrx_word' id='word_1_370' title='bbox 760 3981 943 4029; x_wconf 84' lang='lat' dir='ltr'><strong>Marx</strong></span> <span class='ocrx_word' id='word_1_371' title='bbox 932 3998 979 4030; x_wconf 83' lang='grc' dir='ltr'><strong>ιιι</strong></span> <span class='ocrx_word' id='word_1_372' title='bbox 1007 3982 1206 4046; x_wconf 85' lang='lat' dir='ltr'><strong>Ephoro</strong></span> <span class='ocrx_word' id='word_1_373' title='bbox 1235 3998 1279 4045; x_wconf 88' lang='lat' dir='ltr'><strong>p.</strong></span> <span class='ocrx_word' id='word_1_374' title='bbox 1309 3983 1389 4043; x_wconf 80' lang='lat'><strong>77,</strong></span> <span class='ocrx_word' id='word_1_375' title='bbox 1418 3981 1628 4032; x_wconf 77' lang='lat' dir='ltr'><strong>Goeller</strong></span> <span class='ocrx_word' id='word_1_376' title='bbox 1650 3982 1775 4033; x_wconf 85' lang='lat' dir='ltr'><strong>Tim.</strong></span> <span class='ocrx_word' id='word_1_377' title='bbox 1804 4000 1852 4049; x_wconf 88' lang='lat' dir='ltr'><strong>p.</strong></span> <span class='ocrx_word' id='word_1_378' title='bbox 1882 3983 1994 4045; x_wconf 81' lang='lat'><strong>196,</strong></span> <span class='ocrx_word' id='word_1_379' title='bbox 2019 3984 2123 4033; x_wconf 78' lang='lat' dir='ltr'><strong>alii.</strong></span> <span class='ocrx_word' id='word_1_380' title='bbox 2174 3984 2248 4033; x_wconf 82' lang='lat' dir='ltr'><strong>De</strong></span> <span class='ocrx_word' id='word_1_381' title='bbox 2274 3984 2632 4034; x_wconf 75' lang='lat' dir='ltr'><strong>sacerdotibus</strong></span> 
     </span>
     <span class='ocr_line' id='line_1_44' title="bbox 503 4020 1854 4115; baseline 0.004 -18"><span class='ocrx_word' id='word_1_382' title='bbox 503 4048 747 4112; x_wconf 86' lang='lat' dir='ltr'><strong>Apollinis</strong></span> <span class='ocrx_word' id='word_1_383' title='bbox 774 4049 955 4099; x_wconf 84' lang='lat' dir='ltr'><strong>Carnei</strong></span> <span class='ocrx_word' id='word_1_384' title='bbox 980 4066 1030 4099; x_wconf 86' lang='lat' dir='ltr'><strong>v.</strong></span> <span class='ocrx_word' id='word_1_385' title='bbox 1057 4050 1139 4113; x_wconf 86' lang='lat' dir='ltr'><strong>qui</strong></span> <span class='ocrx_word' id='word_1_386' title='bbox 1165 4065 1315 4114; x_wconf 84' lang='lat' dir='ltr'><strong>supra</strong></span> <span class='ocrx_word' id='word_1_387' title='bbox 1341 4020 1564 4099; x_wconf 86' lang='lat' dir='ltr'><strong>citantur</strong></span> <span class='ocrx_word' id='word_1_388' title='bbox 1588 4067 1634 4115; x_wconf 92' lang='lat' dir='ltr'><strong>p.</strong></span> <span class='ocrx_word' id='word_1_389' title='bbox 1662 4050 1727 4098; x_wconf 88' lang='lat'><strong>36</strong></span> <span class='ocrx_word' id='word_1_390' title='bbox 1752 4059 1854 4101; x_wconf 88' lang='lat' dir='ltr'><strong>not.</strong></span> 
     </span>
    </p>
   </div>
  </div>
 </body>
</html>
