2867 4717
1021 438 1263 495 Lesbio
1300 441 1654 496 historico.
2359 442 2430 496 53

308 592 594 673 Neptuni,
640 594 806 655 cuius
850 612 1016 656 sacra
1058 616 1091 657 a
1121 598 1459 659 Troezeniis
1489 599 1561 659 ad
1591 598 2153 670 Halicarnassenses‚
2185 600 2429 661 colonos

311 695 476 752 suos,
516 686 839 758 propagata
868 687 1052 751 erant,
1094 681 1170 742 ita
1200 683 1587 762 proponitur,
1624 691 1692 744 ut
1718 683 1787 743 ab
1829 682 2257 763 antiquissimis
2294 684 2431 745 inde

307 763 683 841 temporibus
722 764 963 826 nomina
1004 768 1214 828 additis
1257 768 1624 846 singulorum
1666 769 2129 831 sacerdotiorum
2170 769 2430 830 numeris

310 848 761 922 continuentur3
802 868 920 928 quo
960 850 1021 910 in
1064 870 1316 913 recensu
1354 859 1623 931 apertum
1663 860 1755 913 est
1795 853 2060 915 fabulosa
2099 855 2430 933 primorum

308 933 684 994 sacerdotum
702 934 944 995 nomina
960 954 991 995 a
1008 937 1438 1016 posterioribus
1454 938 1586 997 ficta
1601 956 1754 1009 esse,
1769 957 1849 1006 *eo
1867 939 2128 999 videlicet
2146 946 2433 1016 tempore,

307 1017 410 1078 ubi
439 1019 737 1079 scribendi
781 1027 902 1079 arte
941 1020 1058 1081 iam
1101 1022 1387 1100 divulgata
1427 1041 1561 1083 cum
1593 1022 1880 1083 desiderio
1912 1023 2201 1102 originum
2235 1023 2433 1083 cuius-

309 1120 426 1181 que
465 1104 550 1163 rei
594 1105 1050 1183 repetendarum
1091 1108 1350 1168 studium
1392 1106 1530 1167 illud
1572 1107 2005 1185 genealogicum
2053 1116 2249 1168 ortum
2288 1114 2431 1177 erat,

309 1206 429 1266 quo
457 1188 865 1267 antiquissima
897 1190 1253 1252 Graecorum
1294 1192 1541 1253 historia
1582 1192 1776 1252 omnis
1816 1192 2074 1253 involuta
2104 1199 2211 1253 est.
2274 1190 2433 1252 Tali—

306 1272 423 1333 bus
453 1292 592 1333 vero
624 1273 963 1335 recensibus
995 1283 1222 1337 mature
1251 1277 1421 1336 etiam
1448 1277 1779 1337 notationes
1804 1278 2085 1355 quasdam
2108 1294 2304 1337 rerum
2328 1294 2435 1353 per

307 1357 539 1435 singula
569 1359 894 1419 sacerdotia
923 1360 1010 1419 vel
1031 1378 1208 1438 regna
1232 1360 1700 1422 memorabilium
1722 1362 1945 1422 additas
1968 1361 2154 1422 fuisse
2178 1377 2433 1421 consen-

306 1449 546 1503 taneum
577 1449 685 1515 est,
721 1461 908 1521 eoque
938 1446 1118 1505 modo
1149 1447 1265 1506 iam
1297 1447 1535 1507 annales
1559 1446 1793 1524 quidam
1834 1445 1964 1507 libri
2010 1445 2229 1507 conditi
2274 1451 2433 1516 sunt,

307 1526 511 1605 quales
540 1528 764 1588 Romae
792 1547 824 1586 a
855 1528 1141 1590 Pontifice
1167 1531 1417 1591 Maximo
1451 1531 1767 1608 quotannis
1798 1531 1856 1590 in
1882 1530 2014 1590 albo
2047 1528 2302 1608 proponi
2326 1547 2434 1588 so-

306 1611 527 1671 lebant.
590 1611 692 1671 His
733 1620 926 1673 autem
969 1615 1348 1675 conficiendis
1391 1615 1672 1693 quoniam
1717 1615 2050 1675 sacerdotes
2090 1614 2434 1692 plerumque

305 1695 588 1774 praefecti
617 1703 802 1768 erant,
836 1715 1207 1778 consequens
1239 1706 1361 1760 erat
1389 1706 1455 1760 ut
1486 1718 1633 1778 quae
1673 1699 1875 1777 templi
1918 1699 2159 1760 alicuius
2200 1716 2433 1758 memo-

304 1780 455 1841 riam
513 1779 854 1859 fabulasque
899 1801 1093 1844 sacras
1126 1791 1459 1863 spectarent
1499 1784 1749 1844 maxime
1787 1784 2232 1855 adnotarentur‚
2285 1800 2432 1861 quas

306 1864 553 1924 notitias
586 1865 854 1926 similiter
884 1875 1055 1946 atque
1085 1869 1329 1929 nomina
1363 1868 1730 1929 sacerdotum
1760 1868 1848 1928 vel
1887 1887 2090 1945 regum
2133 1868 2305 1928 ctiam
2343 1866 2433 1926 fa—

304 1948 536 2009 bulosis
574 1950 945 2027 temporibus
989 1952 1662 2029 accommodabant⁶4):
1712 1970 1859 2031 quae
1898 1951 2111 2012 fabrica
2151 1959 2433 2030 quantum

304 2032 515 2093 fecerit
551 2033 623 2094 ad
660 2034 883 2095 fabulas
923 2037 1364 2114 procudendas‚
1419 2036 1787 2115 genealogias
1829 2036 2288 2107 concinnandaS‚
2330 2037 2435 2095 sed

304 2117 597 2178 historiae
631 2119 802 2179 etiam
848 2122 1127 2198 quaedam
1162 2122 1385 2181 semina
1418 2122 1771 2199 spargenda,
1812 2121 1953 2181 satis
1996 2121 2056 2180 in
2093 2121 2432 2182 universum

305 2201 642 2346 gegtimanti
709 2203 1002 2265 declarant
1059 2206 1496 2285 antiquissimae
1549 2205 1899 2266 Graecarum
1960 2205 2255 2266 civitatum
2311 2212 2434 2265 tra-

351 2306 370 2346 1
421 2303 588 2346 ones,

451 2491 536 2553 64)
562 2492 626 2544 V.
650 2494 713 2543 de
736 2491 923 2542 talibus
947 2492 1241 2541 recensibus
1267 2488 1656 2560 (ἀναγρόιφαῒς)
1682 2491 1742 2541 0.
1763 2492 1980 2542 Mueller
1998 2492 2045 2540 in
2071 2491 2186 2541 Dor.
2208 2490 2247 2553 Ι,
2266 2507 2315 2556 p.
2340 2490 2436 2540 130

310 2560 439 2610 etin
466 2560 648 2610 Notitt.
686 2561 930 2610 Litterar.
969 2559 1194 2622 Gotting.
1229 2574 1277 2608 a.
1308 2557 1456 2622 1837,
1491 2575 1536 2624 p.
1563 2559 1678 2619 893,
1712 2560 1796 2609 ubi
1833 2561 1957 2609 citat
1983 2559 2263 2609 Clintouem
2292 2558 2433 2608 Fast.

308 2627 445 2678 nen.
474 2628 586 2677 Vol.
611 2625 632 2675 1
671 2630 847 2692 (ipsum
874 2642 968 2675 non
996 2628 1134 2692 potui
1161 2629 1489 2687 consultare),
1524 2642 1668 2691 quem
1693 2628 1891 2676 nimium
1918 2628 2019 2677 illis
2048 2627 2269 2676 tribuere
2295 2627 2434 2688 dicit,

311 2696 446 2761 quod
472 2711 713 2745 recensus
739 2711 912 2757 regum
939 2694 1300 2759 Spartanorum
1325 2696 1501 2744 credat
1527 2708 1586 2758 eo
1611 2695 1721 2758 ipso
1749 2703 1989 2760 tempore,
2015 2695 2098 2743 ubi
2124 2694 2434 2758 Peloponne-

310 2778 402 2812 sus
426 2778 457 2812 a
481 2763 811 2812 Doriensibus
837 2770 1077 2827 occupata
1102 2764 1185 2824 sit,
1211 2763 1443 2811 conditos
1479 2776 1620 2821 esse,
1653 2761 1933 2823 catalogum
1957 2776 2080 2811 vero
2107 2760 2435 2810 sacerdotum

310 2830 517 2881 Iunonis
552 2846 708 2896 aeque
734 2837 990 2879 vetustum
1022 2838 1171 2895 atque
1204 2829 1387 2878 bellum
1413 2827 1713 2893 Troianum,
1746 2826 1966 2878 fortasse
2000 2828 2149 2877 etiam
2185 2829 2439 2877 vetustio-

312 2912 422 2947 rem
447 2895 606 2947 suisse
632 2898 931 2963 suspicetur.
973 2896 1086 2961 lpse
1113 2897 1293 2946 deinde
1320 2898 1394 2946 sic
1418 2896 1607 2961 pergit:
1641 2896 1713 2945 Es
1737 2898 1805 2946 ist
1829 2895 2023 2958 gewil‘S,
2050 2895 2160 2945 dass
2181 2896 2318 2944 diese
2340 2894 2435 2946 Ur-

316 2965 519 3015 kunden
540 2964 1030 3027 verhiiltnissmiil'sig
1054 2966 1174 3013 sehr
1196 2965 1270 3013 alt
1296 2978 1484 3024 waren,
1518 2964 1578 3012 da
1605 2963 1677 3012 sie
1703 2965 1796 3013 deu
1823 2963 2122 3027 kundigsten
2149 2962 2434 3013 Forscbern

314 3033 636 3095 (Hellanicus,
658 3032 1041 3092 Eratosthenes)
1066 3032 1312 3094 verbiirgt
1328 3046 1495 3094 genug
1514 3031 1763 3091 schienen,
1782 3047 1863 3080 um
1883 3033 1974 3080 der
1991 3032 2434 3091 chronologiscben

314 3101 643 3163 Berechnung
675 3115 864 3163 ganzer
897 3099 1186 3149 Zeitriiume
1220 3115 1284 3148 zu
1317 3098 1522 3149 Grunde
1556 3098 1729 3162 gelegt
1761 3116 1824 3148 zu
1863 3100 2085 3147 werden.
2150 3099 2436 3147 Dessenun-

313 3170 550 3231 geachtet
582 3169 689 3217 sind
727 3168 823 3216 wir
853 3169 983 3218 wohl
1016 3168 1279 3230 geniitbigt
1311 3166 1676 3226 anzunebmen‚
1712 3165 1822 3215 dass
1861 3167 1908 3215 iu
1945 3167 2036 3215 der
2058 3164 2198 3226 Zeit,
2240 3181 2318 3213 wo
2357 3166 2436 3215 die

315 3234 507 3285 Sobrist
533 3236 730 3284 beiden
759 3234 1006 3285 Griecben
1033 3235 1139 3285 sich
1175 3236 1488 3284 bestimmter
1523 3234 1833 3283 nacbweiseu
1872 3234 2027 3294 liisst‚
2065 3234 2110 3282 d.
2136 3234 2183 3281 h.
2220 3233 2282 3281 im
2318 3232 2435 3281 Sten

316 3304 441 3352 oder
467 3305 733 3352 biicbstcns
759 3302 877 3351 9ten
902 3303 1071 3352 Jahrb.
1098 3318 1147 3351 v.
1176 3302 1309 3363 Cbr.,
1341 3305 1433 3351 der
1457 3301 1942 3363 Laudesgesclnichte
1977 3300 2193 3363 kundige
2228 3300 2437 3365 Sparta-

316 3385 412 3419 ner
436 3372 560 3420 nacb
584 3372 678 3420 den
705 3371 1086 3432 Erinnerungen
1106 3371 1200 3418 der
1215 3371 1433 3419 iiltesten
1456 3369 1615 3418 Lente
1634 3370 1729 3417 und
1752 3366 1941 3417 aufdas
1963 3369 2245 3418 Alter-thum
2272 3369 2437 3417 stolze

315 3437 550 3487 Priester
572 3453 668 3486 von
696 3439 860 3499 Argos
886 3440 1009 3486 nach
1033 3438 1231 3486 allerlei
1257 3437 1453 3501 Spuren
1482 3438 1577 3485 und
1605 3435 2012 3498 Vermuthungen
2041 3437 2179 3485 diese
2206 3435 2439 3499 Register

317 3513 810 3568 zusammengesetzt
838 3505 1014 3554 baben.
1045 3532 1114 3541 —
1151 3505 1342 3554 Wiiren
1385 3504 1509 3553 aber
1540 3504 1639 3552 alle
1672 3504 1810 3553 diese
1843 3503 2229 3552 Verzeichnisse
2265 3506 2312 3553 in
2349 3505 2440 3552 der

318 3572 453 3636 Zeit,
481 3574 557 3622 bis
584 3589 648 3621 zu
672 3575 763 3622 der
787 3573 860 3621 sie
889 3571 1234 3634 binaufgeben,
1257 3573 1380 3621 oder
1397 3574 1521 3621 auch
1545 3587 1640 3620 nur
1659 3587 1736 3620 um
1759 3573 1837 3620 die
1857 3569 1970 3620 Zeit
1997 3573 2087 3620 der
2108 3571 2438 3620 Herakliden-

316 3642 629 3702 wanderung
669 3640 1195 3701 niedergeschrieben‚
1231 3656 1286 3688 so
1324 3640 1508 3688 miil'ste
1551 3641 1698 3688 sebon
1735 3640 1924 3688 damals
1959 3639 2070 3688 eine
2105 3638 2313 3700 Uebung
2350 3639 2440 3686 der

322 3707 718 3758 Sebreibekunst
762 3709 860 3757 und
893 3708 1118 3769 zugleich
1161 3709 1239 3756 ein
1287 3706 1427 3756 Eifer
1473 3705 1554 3756 fiir
1600 3704 2004 3768 Aufbewahrung
2051 3707 2440 3766 denkwiirdiger

320 3775 478 3825 Facta
505 3773 880 3838 stattgefunden
908 3777 1082 3836 baben,
1109 3777 1187 3825 die
1212 3776 1315 3824 sicli
1341 3776 1428 3824 mit
1454 3776 1544 3823 der
1570 3772 1875 3836 Diirftigkeit
1899 3777 1996 3822 und
2019 3767 2440 3835 Unz'uverliissig-

319 3844 427 3892 keil:
451 3845 544 3893 der
567 3845 908 3905 griechischen
937 3842 1235 3893 Gescbicbte
1270 3844 1315 3891 in
1353 3843 1522 3891 diesen
1560 3843 1960 3891 Jahrhunderten
2000 3843 2134 3890 nicht
2166 3848 2437 3902 vertragen

322 3911 447 3960 will.
508 3911 600 3959 Die
638 3912 947 3973 griechiscbe
985 3910 1282 3961 Gescliicbte
1323 3911 1515 3959 miisste
1558 3912 1685 3958 dano
1730 3909 2001 3970 sriibzeitig
2034 3911 2126 3957 den
2166 3908 2439 3957 Character

321 3978 704 4095 ffeicli'zlelitiger
737 3979 1023 4028 Annalistik
1049 3981 1251 4042 wigen,
1286 3986 1420 4028 etwa
1445 3979 1541 4028 wie
1574 3979 1656 4026 die
1682 3978 1928 4026 romische
1953 3992 2051 4025 von
2087 3977 2179 4024 der
2201 3974 2316 4027 Zeit
2348 3979 2440 4026 der

365 4062 464 4111 epu
521 4064 536 4096 ι
590 4062 671 4096 an.

2465 1966 2520 2006 ³⁷
