2867 4717
861 426 1338 493 grammaticae
1386 425 1832 496 Byzantinae.
2309 426 2377 480 77

271 583 548 664 scriptore
578 583 787 645 citatur
813 581 981 644 Philo
1028 599 1201 653 onus,
1233 570 1309 656 ὃς
1346 578 1463 643 καὶ
1490 600 1617 665 περ
1622 602 1648 643 ι
1676 575 2066 666 προσῳδίας
2095 579 2379 664 διαλαμ·

271 665 450 750 βάνει
494 662 563 730 ἐν
607 660 767 751 ἰδίῳ
812 661 972 747 βιβλ
1004 687 1058 750 ῳ
1097 684 1155 746 p.
1191 665 1334 738 653,
1372 668 1478 739 11,
1508 667 1666 728 unde
1695 667 2074 747 perspicuum
2106 676 2197 729 est
2223 669 2381 731 hunc

272 754 433 815 alium
446 753 857 852 Porphyrium
889 771 1046 813 esse:
1082 752 1256 812 credo
1288 751 1539 812 eundem
1573 770 1704 811 cum
1736 770 1841 824 eo,
1887 753 1985 831 qui
2016 752 2261 814 subinde
2290 756 2380 815 ci-

272 846 415 900 tatur
442 839 506 900 in
538 837 777 899 scholiis
809 837 883 899 ad
915 834 1273 916 Dionysium,
1306 852 1491 896 unum
1522 855 1591 896 ex
1621 798 1961 897 doctoribus
1986 838 2379 899 oecumenicis

271 923 604 1003 Byzantinis,
662 921 902 983 Fallitur
929 921 1102 983 etiam
1135 920 1522 999 Goettlingius
1559 920 1856 981 Theodos.
1889 940 1947 1001 p.
1990 921 2119 993 XV,
2150 923 2376 1000 allgem.

271 1008 632 1069 Accentlehre
661 1026 719 1087 p.
757 1008 855 1081 11,
878 1005 1180 1067 affirmans
1203 1005 1362 1067 hunc
1381 1005 1593 1066 librum
1628 1004 1877 1077 „omnia
1890 1011 1925 1038 “
1948 1025 2018 1066 ex
2043 1006 2375 1068 Herodiano
2406 1028 2455 1067 ιι

271 1090 621 1166 hausissess).
695 1091 825 1152 Imo
868 1089 1185 1152 Herodiani
1227 1098 1317 1151 est
1354 1090 1499 1151 nihil
1539 1089 1692 1150 aliud
1732 1089 1848 1150 nisi
1885 1090 2074 1151 finitio
2118 1091 2377 1153 notionis

274 1167 664 1260 προσῳδίας,
695 1175 870 1236 Bekk.
902 1175 1118 1236 Anecd.
1149 1192 1207 1253 p.
1241 1173 1384 1247 676,
1420 1175 1517 1247 16,
1550 1193 1696 1252 quae
1724 1175 2068 1253 explanatur
2090 1194 2275 1255 usque
2303 1177 2375 1238 ad

272 1280 321 1340 p.
350 1262 500 1334 678,
547 1261 647 1322 33.
727 1259 1005 1339 Sequitur
1046 1259 1447 1336 interpretatio
1489 1259 1851 1338 compendii,
1899 1259 2141 1338 singulis
2186 1261 2376 1339 ipsius

272 1346 445 1407 verbis
475 1345 863 1424 interpositis

1252 1512 1380 1586 §4-

471 1650 557 1700 De
592 1649 930 1700 Theodosii
961 1649 1385 1700 Alexandrini
1419 1649 1522 1714 qui
1554 1646 1765 1698 fertur
1797 1648 1962 1698 libro
2000 1647 2157 1715 περὶ

1056 1748 1562 1804 γραμματικης.

423 1855 524 1914 Sic
554 1851 892 1913 inscribitur
920 1858 1197 1912 tractatus
1231 1852 1490 1950 quidam,
1522 1853 1621 1932 qui
1652 1853 1942 1931 reperitur
1972 1853 2031 1912 in
2055 1853 2224 1913 codd.
2251 1854 2373 1914 Vat.

273 1937 452 1999 venet.
484 1939 724 1998 Tam-in.
754 1937 939 1997 Paris.
972 1937 1230 2008 Barocc.,
1262 1936 1433 1997 etiam
1467 1938 1528 1997 in
1558 1955 1761 2015 apogr.
1786 1936 2376 2007 Hamb„ub11nscr1-

271 2020 412 2082 bitur
440 2024 502 2083 Γ
496 2041 777 2104 εωργιου
823 2015 1277 2103 γραμματικοῦ
1319 2017 1440 2081 τοῦ
1481 2022 1951 2102 Χοιροβοσκοῦ
1979 2017 2138 2103 περὶ
2170 2040 2376 2101 γραμ-

271 2105 557 2192 ματικῆς.
648 2107 798 2167 Eum
843 2106 1195 2167 Villoisonus
1238 2106 1458 2184 (praef.
1501 2106 1571 2167 ad
1616 2106 1810 2167 Schol.
1852 2106 2027 2167 Marc.
2068 2125 2126 2185 p.
2168 2105 2280 2179 Xl)
2318 2115 2377 2169 et

273 2189 482 2269 Peyron
517 2192 637 2270 (ap.
670 2190 861 2251 Sturz.
894 2189 1097 2250 Orion.
1129 2209 1187 2269 p.
1221 2189 1345 2250 236
1369 2190 1486 2269 sq.)
1511 2208 1635 2251 non
1658 2190 2064 2251 dubitaverunt
2084 2191 2193 2251 ad
2178 2210 2371 2270 ipsum

270 2272 659 2337 Theodosium
702 2275 937 2336 referre.
1010 2274 1249 2335 Initium
1292 2274 1513 2336 editum
1545 2283 1637 2335 est
1664 2275 1735 2336 ab
1767 2274 2007 2336 Osanno
2039 2277 2097 2336 in
2130 2275 2372 2337 Philem.

272 2375 321 2432 p.
351 2359 466 2421 303
511 2367 572 2421 et
609 2359 873 2420 Bekkero
917 2359 1130 2420 Anecd.
1173 2378 1230 2438 p.
1269 2359 1458 2431 1141,
1498 2360 1917 2439 subsequentia
1959 2379 1990 2420 a
2023 2360 2373 2438 Goettlingio

269 2441 553 2506 Theodos.
592 2463 651 2523 p.
694 2445 817 2505 202
860 2462 952 2521 sq.
1042 2444 1099 2504 Is
1151 2450 1308 2504 recte
1351 2443 1583 2523 quidem
1639 2444 1870 2523 negavit
1908 2452 2204 2506 auctorem
2245 2463 2375 2505 esse

273 2524 660 2590 Theodosium
690 2528 1175 2601 Alexandrinum,
1207 2528 1310 2588 sed
1342 2529 1509 2589 finxit
1537 2547 1647 2607 pro
1679 2530 1796 2590 hoc
1827 2529 2228 2590 Theodosium
2259 2531 2373 2610 By-

272 2613 532 2686 zantium,
557 2632 676 2692 quo
706 2632 832 2674 non
864 2631 1016 2690 opus
1048 2620 1191 2673 erat.
1252 2612 1628 2691 Comparanti
1658 2614 1807 2675 edita
1840 2632 1973 2674 cum
2006 2634 2075 2675 eo
2108 2622 2372 2687 tractatu,

269 2695 354 2772 qui
392 2700 566 2776 vulgo
597 2698 873 2759 tribuitur
899 2697 1259 2778 porphyrio,
1299 2698 1371 2757 de
1402 2715 1518 2776 quo
1552 2699 1734 2758 modo
1766 2699 1986 2758 dictum
2017 2706 2136 2767 est,
2177 2699 2373 2758 statim

271 2783 634 2862 perspicuum
689 2783 825 2854 erit,
879 2782 1137 2842 eiusdem
1192 2781 1598 2842 commentarii
1649 2782 1801 2841 hanc
1846 2781 2082 2842 alteram
2121 2782 2371 2843 formam

269 2881 416 2939 esse,
457 2868 534 2928 ab
561 2866 728 2928 initio
759 2867 1111 2946 pleniorem,
1157 2865 1407 2926 maxime
1437 2883 1645 2944 genere
1675 2865 2019 2943 Herodiani‚
2057 2868 2216 2945 quod
2249 2867 2374 2946 pri-

271 2965 415 3011 mum
446 2951 669 3012 editum
701 2958 793 3012 est
821 2950 891 3011 ab
922 2952 1067 3011 Aldo
1100 2950 1158 3010 in
1191 2968 1375 3011 cornu
1407 2951 1761 3024 Amaltheae,
1793 2958 1998 3029 postea
2029 2952 2099 3013 ab
2132 2952 2373 3013 Osanno

270 3029 301 3090 l.
328 3051 390 3107 c.,
416 3036 477 3097 in
513 3035 943 3114 posterioribus
972 3035 1144 3113 longe
1172 3035 1451 3095 artiorem
1482 3042 1652 3114 atque
1681 3036 1997 3097 exiliorem.
2056 3037 2141 3096 Ad
2176 3036 2372 3097 Theo-

269 3116 487 3180 dosium
530 3121 781 3181 refertur
826 3137 993 3180 more
1016 3119 1075 3180 in
1107 3118 1199 3179 his
1229 3119 1435 3180 litteris
1467 3120 1587 3181 fere
1616 3127 1884 3198 recepto,
1925 3120 2057 3198 quia
2089 3138 2372 3198 compen·

270 3199 415 3263 dium
444 3205 601 3266 istuc
629 3211 1002 3277 accentuum,
1044 3204 1208 3265 cuius
1251 3203 1347 3264 hic
1378 3204 1833 3265 commentarius
1863 3212 2013 3278 erat,
2055 3204 2373 3267 Theodosii

267 3302 384 3348 esse
415 3289 759 3367 putabatnr3
789 3289 860 3349 ad
893 3288 1377 3349 Choeroboscum
1410 3293 1427 3334 ί
1413 3288 1503 3365 ad
1537 3308 1711 3369 quem
1743 3288 1834 3350 alii
1864 3289 2039 3350 etiam
2061 3289 2374 3369 Porphyrii

271 3370 356 3446 qui
382 3374 551 3452 vulgo
585 3373 795 3434 dicitur
814 3380 1121 3433 tractatum
1152 3373 1521 3445 revocabant,
1549 3393 1599 3434 v.
1625 3374 1802 3434 Bekk.
1827 3374 2043 3434 Anecd.
2076 3393 2132 3453 p.
2164 3375 2369 3449 1140),
2400 3398 2452 3437 12

271 3454 388 3554 quia
417 3458 740 3518 secundum
771 3458 913 3518 alios
945 3457 1041 3517 hic
1070 3457 1481 3536 compendium
1514 3457 1650 3518 illud
1684 3458 2049 3532 condiderat,
2078 3478 2130 3521 v.
2163 3478 2371 3539 supra.

272 3527 446 3602 αλλοι
480 3537 555 3603 δὲ
584 3536 701 3603 καὶ
725 3543 925 3603 τοῦτο
954 3537 1071 3603 τοῦ
1102 3536 1675 3623 θεολογικωτάτου
1710 3543 1772 3602 Γ
1767 3536 2035 3625 εωργιου
2071 3539 2373 3625 λέγουσιν

273 3609 428 3685 εἶναι
447 3620 734 3710 πόνημα.
761 3627 1090 3705 Sequantur
1105 3626 1390 3687 variantes
1410 3627 1688 3688 lectiones
1708 3628 2037 3701 nonnullae,
2058 3629 2370 3689 maximam

270 3711 1160 3784 partememendationeseorum,
1172 3712 1542 3790 quaeexcod.
1551 3712 1736 3772 Paris,
1749 3712 1916 3773 2603
1921 3713 2372 3790 ,Hamburgensi

392 3921 438 3984 6)
478 3922 836 3988 Goettliugium
863 3931 1051 3976 temere
1090 3926 1316 3992 sequitur
1340 3926 1530 3977 Lersch
1556 3926 1864 3992 Sprachphil.
1889 3926 1936 3975 d.
1963 3926 2067 3976 Alt.
2091 3942 2137 3990 p.
2165 3925 2252 3990 83,
2288 3928 2371 3994 qui

269 3989 456 4098 {gt-egio
482 3991 665 4042 titubat
689 3994 838 4042 etiam
864 3993 911 4042 in
939 3993 1025 4059 iis,
1061 4009 1185 4059 quae
1211 3993 1390 4044 ibidem
1413 3994 1648 4057 leguntur
1670 3994 1731 4043 de
1759 4008 1912 4059 opere
1936 3993 2182 4043 catholico
2208 3994 2368 4045 Hero-

301 4067 405 4105 nam.
