2867 4717
548 251 577 269 Q

508 451 573 529 20
1218 447 1301 498 De
1335 445 1638 513 Aeschyli
1673 443 1908 497 Persis.

426 639 478 677 ιι
675 615 865 679 Xerxe
892 622 1171 696 tanquam
1199 613 1591 676 instrumento
1612 611 1637 653 ⁶
1654 611 1711 688 5)
1741 615 1991 674 utuntur
2021 606 2100 670 dii
2130 607 2203 670 ad
2231 606 2312 681 id,
2344 604 2502 686 quod
2530 604 2617 666 fa-

505 710 629 765 tum
661 709 783 765 erat
809 701 962 774 fieri,
1011 700 1467 780 exsequendum.
1527 696 1668 758 Vide
1696 704 1887 759 autem
1904 743 1920 771 ,
1960 700 2171 775 quanta
2206 691 2387 754 fuerit
2413 688 2619 751 Xerxis

504 806 679 851 noxa.
740 787 853 862 Qui
883 786 1143 866 primum
1172 785 1328 847 Darii
1358 776 1806 866 παράδειγμα,
1853 780 2070 861 quippe
2108 778 2206 859 qui
2248 777 2453 840 ceteris
2485 794 2619 857 par-

502 873 657 935 tibus
685 872 1000 936 incolumis
1019 872 1043 911 ⁶
1061 872 1137 948 ⁶),
1168 869 1268 932 ubi
1291 869 1552 950 primum
1578 866 1876 929 Graeciam
1901 865 2172 928 invadere
2197 868 2485 943 coeperat,
2518 860 2621 922 ad·
2680 892 2684 899 ·

504 977 671 1020 versa
698 958 934 1020 fortuna
964 974 1108 1018 usus
1128 956 1152 995 ⁶
1172 955 1250 1033 ⁷),
1300 953 1512 1015 deinde
1542 952 1715 1035 etiam
1746 951 2008 1032 ejusdem
2038 950 2312 1011 mandata
2344 965 2623 1028 asperna-

503 1045 719 1121 tusssss)
755 1043 811 1104 id
844 1041 1004 1122 quod
1041 1039 1203 1101 nefas
1233 1046 1357 1100 erat
1381 1046 1613 1119 patrare
1653 1055 1775 1097 non
1815 1036 2115 1099 dubitavit.
2183 1032 2622 1114 Praedisposita

504 1128 596 1191 illa
626 1127 941 1189 Persarum
971 1124 1248 1206 portione
1280 1116 1554 1207 (μοίρᾳ),
1587 1122 1836 1184 aeternis
1877 1121 2101 1200 legibus
2137 1119 2470 1192 constituta,
2514 1137 2624 1197 pa-

504 1232 640 1275 rum
671 1219 1003 1284 contentuS,
1045 1230 1077 1271 e
1117 1208 1329 1271 finibus
1381 1208 1495 1272 sibi
1545 1206 2043 1288 praescriptis69)
2097 1205 2373 1267 excedere
2425 1221 2622 1276 ausuS,

507 1306 777 1361 sanctum
806 1297 944 1359 illud
975 1296 1247 1377 Europae
1276 1301 1333 1355 et
1360 1294 1532 1356 Asiae
1558 1293 1880 1354 confinium
1910 1299 2094 1371 ponte
2116 1290 2350 1372 junxit⁷
2368 1291 2425 1366 Ο)
2460 1295 2520 1350 et
2547 1288 2626 1349 ita

504 1376 846 1464 Neptunum
886 1390 942 1443 et
972 1388 1195 1443 ceteros
1228 1380 1369 1441 deos
1400 1379 1648 1440 infestos
1679 1378 1789 1440 sibi
1819 1376 2071 1439 reddidit
2091 1377 2114 1416 ⁷
2135 1379 2212 1452 1),
2246 1376 2488 1437 deorum
2522 1372 2626 1435 de-

425 1492 479 1531 42
507 1469 671 1531 lubra
693 1490 722 1531 a
750 1467 983 1529 Graecis
1014 1466 1208 1547 posita
1230 1464 1450 1539 evertit,
1478 1465 1692 1544 templa
1717 1463 1959 1537 adussit,
1987 1480 2116 1523 aras
2141 1458 2484 1535 disturbavit
2503 1459 2527 1498 ⁷
2545 1457 2623 1535 2).

509 1556 881 1635 Quapropter
910 1551 1293 1626 atrocissima,
1333 1568 1481 1630 quae
1523 1548 1769 1610 deorum
1799 1546 2220 1609 immortalium
2254 1544 2476 1627 Justitia
2518 1549 2625 1615 est,

425 1660 480 1700 43
508 1639 760 1700 Xerxem
783 1645 841 1700 et
869 1657 972 1698 eos
1004 1637 1104 1717 qui
1126 1654 1197 1696 eo
1223 1636 1369 1698 duce
1391 1634 1524 1696 talia
1547 1633 1829 1707 fecerunt,
1861 1632 2146 1713 supplicia
2162 1631 2478 1693 manebant
2497 1629 2522 1669 ⁷
2540 1630 2627 1706 3)3

510 1724 763 1787 Graecos
793 1729 1026 1784 servant
1055 1721 1152 1796 dii,
1176 1721 1247 1783 iis
1275 1727 1562 1793 caventeS‚
1594 1738 1741 1800 quae
1766 1718 2000 1781 Graecis
2027 1717 2350 1779 secundum
2368 1714 2628 1777 divinam

644 1934 727 1996 65)
754 1934 936 1986 Darius
960 1934 1088 2004 φεῦ,
1118 1935 1294 2002 inquit,
1328 1938 1523 2002 ταχεῖα
1550 1923 1691 1997 ἦλθε
1716 1931 1996 2005 χρησμῶν
2028 1932 2245 2002 πρᾶξις,
2281 1930 2338 1989 ἔς
2371 1947 2430 1983 τε
2455 1924 2626 1982 παῖδ’

508 2000 649 2073 ἐμὸν
672 2000 814 2059 Ζεὺς
836 2001 1161 2068 ἐπέσκηψεν
1183 2000 1438 2067 τελευτὴν
1460 1996 1788 2068 θεσφάτων.

646 2069 730 2134 66)
759 2072 873 2121 555.
905 2070 1020 2122 164.
1044 2070 1161 2120 652.
1187 2069 1304 2120 711.
1330 2071 1447 2120 855.

645 2136 729 2200 67)
755 2136 872 2186 244.
898 2144 998 2188 etc.
1024 2134 1124 2190 οὐκ
1147 2132 1220 2190 ἂν
1244 2140 1521 2221 φανεῖμεν
1544 2131 1749 2205 πήματ’
1780 2133 2031 2206 ἔρξαντες
2054 2153 2084 2187 τ
2099 2132 2131 2187 ό
2144 2148 2243 2187 σα.

646 2204 731 2267 68)
761 2200 824 2255 οὐ
848 2199 1189 2274 μνημονεύει
1212 2221 1310 2262 τας
1331 2203 1471 2273 ἔμας
1496 2199 1816 2261 ἐπιστολάς.

647 2271 732 2334 69)
759 2264 1195 2341 ὗπερφρονήσας
1218 2271 1317 2325 τὸν
1343 2268 1599 2341 παρόντα
1624 2270 1887 2341 δαίμονα.

646 2339 728 2402 70)
750 2334 1158 2405 Ἑλλήςποντον
1177 2336 1329 2411 ἱερὸν
1347 2339 1554 2392 δοῦλον
1577 2334 1649 2397 ὡς
1667 2335 2037 2409 δεσμώμασιν
2055 2333 2256 2404 ἤλπισε
2275 2332 2508 2418 σχήσειν
2525 2345 2630 2389 cet.

645 2406 728 2470 71)
756 2403 961 2473 θνητὸς
995 2402 1072 2460 ὧν
1095 2409 1245 2461 θεῶν
1269 2402 1496 2460 πάντων
1517 2408 1610 2458 καὶ
1633 2405 1996 2464 Ποσειδῶνος
2017 2401 2309 2476 κρατήσειν
2334 2399 2485 2473 ᾠετο.
2538 2403 2633 2469 [cf.

511 2473 657 2525 Paus.
685 2473 743 2536 Π,
768 2475 812 2537 1,
838 2476 867 2524 5
894 2477 955 2525 de
981 2476 1238 2527 conatibus
1265 2492 1437 2526 eorum
1463 2477 1545 2541 qui
1568 2475 1781 2526 Isthmos
1800 2474 2065 2541 perfodere
2084 2474 2323 2525 volebant
2343 2467 2506 2536 (οὕτω
2523 2490 2633 2541 xa:-

510 2536 684 2593 λεπὸν
706 2538 995 2610 ἀνθρώπῳ
1019 2541 1087 2595 τὰ
1112 2547 1244 2595 θεῖα
1265 2539 1599 2609 βιάσασθαι)
1627 2551 1680 2593 et
1714 2543 1956 2594 Herodot.
1990 2542 2029 2608 1,
2059 2543 2117 2592 17
2124 2542 2155 2591 4
2188 2543 2249 2592 de
2288 2541 2475 2592 Cnidiis
2499 2540 2631 2593 Isth-

508 2624 639 2659 mum
663 2624 760 2659 nou
783 2609 1193 2676 perforantibusl.
2066 2667 2075 2675 ⁶

647 2677 729 2741 72)
757 2678 815 2727 οἳ
837 2674 1234 2760 γῆνμολόντες
1261 2673 1481 2730 Ἑλλάδ’
1511 2673 1576 2730 οὐ
1609 2678 1764 2731 θεῶν
1794 2679 1956 2745 βρέτη
1992 2674 2232 2747 ᾐδοῦντο
2269 2676 2457 2742 συλᾷν,
2497 2674 2630 2727 οὐδὲ

510 2739 841 2815 πιμπράναι
863 2761 1014 2803 νεως.
1066 2746 1313 2812 Quantum
1339 2748 1454 2797 inde
1478 2744 1662 2797 factum
1691 2747 1757 2796 sit
1789 2748 1851 2796 ad
1875 2745 2142 2796 Persarum
2177 2746 2448 2810 interitum,
2487 2751 2631 2810 patet

512 2828 577 2862 ex
612 2829 785 2877 magua
812 2814 879 2878 vi,
904 2830 1048 2881 quam
1066 2814 1433 2865 Themistocles
1460 2816 1609 2865 etiam
1634 2821 1686 2864 et
1704 2814 1956 2865 Aristides
1982 2815 2098 2863 inde
2118 2820 2360 2879 ceperunt
2376 2814 2440 2863 ad
2466 2811 2629 2863 Grae-

510 2896 679 2930 corum
703 2882 894 2931 animos
919 2883 1164 2934 adversus
1190 2882 1373 2933 Persas
1398 2883 1792 2933 exacerbandos.
1847 2881 2130 2931 Herodotus
2155 2888 2342 2931 tautam
2367 2882 2631 2932 temerita-

511 2955 612 2998 tem
637 2955 813 2998 notare
838 2965 936 2998 uon
960 2950 1161 2999 desiuit.
1218 2949 1345 3000 Vide
1372 2965 1499 3015 quae
1525 2950 1611 3000 ille
1635 2951 1696 3000 de
1723 2950 1799 2999 bis
1824 2949 2104 3000 sceleribus
2140 2949 2188 2998 iu
2224 2948 2486 3015 praeclara
2511 2948 2631 2999 Ari-

512 3016 658 3065 stidis
684 3017 1010 3081 responsione
1035 3016 1302 3066 identidem
1327 3024 1600 3067 memorata
1623 3017 1816 3067 scribit.
1865 3014 1938 3067 Cf.
1964 3017 2114 3067 etiam
2138 3017 2389 3067 Plutarch.
2416 3017 2468 3065 in
2493 3015 2633 3065 Tbe-

508 3083 737 3133 mistocle
772 3089 824 3133 et
859 3081 1057 3133 Cornel.
1090 3083 1217 3149 Nep.
1252 3084 1302 3133 in
1337 3083 1449 3147 ejus
1482 3085 1605 3148 vita,
1640 3090 1694 3133 et
1728 3098 1853 3149 quae
1886 3083 1955 3133 ibi
1988 3084 2049 3134 ab
2076 3084 2434 3150 interpretibus
2458 3085 2629 3134 addita

510 3157 644 3200 suut.
688 3151 922 3201 Ceterum
942 3151 1069 3201 baud
1091 3151 1239 3200 dubie
1265 3152 1399 3201 inter
1417 3152 1557 3215 deos,
1584 3152 1664 3216 qui
1689 3150 1751 3201 ob
1773 3152 1957 3215 templa
1976 3160 2174 3203 vastata
2193 3152 2467 3202 vindictam
2492 3167 2630 3201 sum-

511 3219 673 3268 serint
696 3219 756 3267 de
786 3218 973 3279 PersiS,
998 3235 1095 3267 uon
1121 3219 1335 3268 infimam
1359 3219 1540 3269 Aescb.
1576 3219 1781 3284 putabat
1806 3218 2039 3269 Cererem
2065 3220 2389 3270 Eleusiniam.
2438 3219 2633 3269 Narrat

511 3286 640 3335 enim
676 3285 861 3335 Herod.
897 3286 1134 3350 quosdam
1168 3302 1196 3335 e
1231 3287 1437 3337 deserto
1473 3287 1653 3352 templo
1700 3287 1984 3349 Eleusinio,
2020 3288 2133 3337 dum
2168 3287 2372 3338 Xerxes
2405 3287 2629 3337 Atticam

511 3353 813 3412 vastaverit,
841 3361 1157 3403 resonantem
1181 3355 1435 3404 audivisse
1471 3362 1666 3405 cantum
1690 3355 1971 3421 mysticum,
2005 3355 2195 3405 vidisse
2229 3354 2450 3420 speciem
2486 3369 2631 3420 pom-

512 3435 605 3485 pae
630 3420 896 3470 immensae
920 3427 1195 3487 mystarum
1212 3449 1281 3458 —-
1297 3421 1427 3473 VIII.
1451 3420 1533 3472 65.
1557 3450 1625 3458 -
1649 3437 1707 3471 ac
1732 3422 1906 3472 deinde
1932 3429 2034 3473 tum
2060 3421 2357 3472 Plataeense
2384 3429 2489 3472 tum
2513 3421 2631 3488 My-

513 3487 713 3537 calense
738 3488 978 3553 proelium
1000 3504 1154 3554 prope
1179 3487 1291 3539 fana
1311 3488 1512 3539 Cereris
1538 3490 1850 3540 commissum
1874 3505 1987 3540 esse
2013 3488 2102 3540 IX.
2125 3488 2207 3539 65.
2234 3489 2343 3540 101.
2369 3517 2440 3527 —
2462 3489 2508 3539 A
2533 3504 2632 3556 qua

512 3570 685 3605 vocem
708 3556 844 3605 illam
867 3557 1066 3606 missam
1100 3572 1214 3607 esse
1240 3558 1539 3623 suspicatur,
1587 3573 1710 3623 quae
1737 3557 1944 3608 Graecis
1970 3563 2109 3607 trans
2135 3573 2270 3608 mare
2296 3558 2520 3607 nuntium
2547 3564 2631 3607 at-

513 3622 688 3672 tulerit
710 3625 771 3672 de
796 3624 1011 3674 victoria
1035 3624 1337 3674 Plataeensi.
1381 3624 1558 3690 Neque
1584 3641 1678 3674 non
1706 3626 1752 3674 iu
1779 3631 1887 3675 toto
1912 3624 2001 3674 illo
2029 3624 2160 3675 bello
2182 3625 2385 3675 Persico
2405 3625 2629 3675 divinum

510 3690 739 3754 agnoscit
763 3706 940 3740 numen
964 3692 1074 3756 pius
1100 3691 1301 3756 Herod„
1327 3694 1459 3757 quod
1483 3692 1722 3757 procellis
1749 3698 1801 3742 et
1826 3688 2097 3756 naufragiis
2116 3691 2384 3743 Persarum
2409 3692 2631 3742 classem

512 3755 754 3823 infringit,
778 3765 834 3807 ut
852 3759 1203 3823 quodammodo
1227 3759 1449 3809 Graecos
1469 3760 1530 3809 iis
1547 3767 1731 3825 aequet
1745 3757 1874 3811 vm.
1906 3758 1982 3809 13.
2001 3786 2069 3796 -
2091 3757 2342 3811 ἐποιέετο
2367 3759 2486 3811 πᾶν
2509 3754 2629 3810 ὑπὸ

511 3826 653 3877 θεοῦ
675 3853 745 3863 -
767 3827 896 3891 quod
921 3825 1196 3876 Pausaniae
1221 3827 1481 3877 victoriam
1506 3827 1852 3877 Plataeensem
1876 3826 2054 3877 tribuit
2073 3826 2161 3877 IX.
2190 3827 2290 3891 78„
2314 3829 2443 3892 quod
2469 3824 2634 3877 Grae-

513 3909 601 3943 cos
624 3894 816 3944 excitat
836 3894 898 3942 ad
918 3894 1202 3944 liberandos
1224 3893 1370 3944 Iones
1395 3894 1485 3944 lx.
1512 3894 1610 3958 91.,
1636 3909 1806 3944 eorum
1831 3895 2061 3960 denique,
2087 3896 2168 3960 qui
2191 3897 2254 3945 ad
2278 3894 2510 3961 Mycalen
2535 3910 2629 3961 pu-

465 3963 470 3967 '
512 3963 713 4023 gnaturi
743 3968 906 4025 eraut,
938 3961 1129 4011 animos
1162 3962 1359 4013 divinae
1392 3961 1532 4012 vocis
1558 3962 1768 4013 emissae
1801 3963 2027 4027 prodigio
2060 3962 2278 4013 firmavit
2299 3961 2390 4014 IX.
2419 3961 2533 4014 100.
2559 3990 2630 3999 -

514 4024 655 4091 δῆλα
679 4026 749 4093 δὴ
776 4027 1040 4080 πολλοῖσι
1061 4030 1416 4100 τεκμηρίοισι
1437 4026 1555 4079 ἐστι
1577 4029 1643 4079 τὰ
1666 4031 1798 4080 θεῖα
1821 4028 1933 4081 τῶν
1956 4025 2317 4099 πρηγμάτων.

651 4094 732 4158 73)
756 4094 855 4149 νῦν
877 4095 1061 4150 κακῶν
1084 4094 1230 4150 ἔοικε
1254 4091 1405 4165 πηγὴ
1427 4097 1608 4151 πᾶσιν
1630 4092 1905 4166 εὑρῆσθαι
1926 4098 2131 4165 φίλοις.
