2867 4717
509 458 575 508 34
1333 457 1417 507 De
1455 457 1786 508 Hellanico

513 615 950 704 Ἐρυσίχθονα
993 618 1159 708 φησὶ
1202 617 1317 684 τὸν
1359 602 1825 705 Μυρμιδόνος,
1871 614 1981 683 ὅτι
2022 608 2101 704 ἦν
2138 612 2473 705 ἄπληστος
2501 623 2619 702 βο-

503 704 646 790 ρᾶς,
692 700 997 770 Αἴθωνα
1038 705 1397 791 κληθῆναι,
1444 708 1665 782 eadem,
1703 715 1873 787 puta,
1928 707 2268 781 occasione,
2311 726 2423 786 qua
2461 708 2617 786 Myr-

503 792 760 853 midonis
791 792 1061 854 meminit
1088 792 1486 871 Apollodorus
1510 793 1552 865 1,
1594 794 1652 866 7,
1679 793 1735 853 3.
1793 791 2131 871 Eodemque
2162 799 2438 854 contextu
2463 794 2616 854 veri-

503 878 690 938 simile
719 885 812 939 est
839 877 1057 939 dictum
1087 878 1272 938 fuisse
1302 879 1374 939 de
1402 878 1576 938 variis
1608 877 1858 958 oppidis,
1890 895 1995 957 per
2025 877 2416 949 Thessaliam,
2456 878 2616 957 Mag-

501 964 744 1033 nesiam,
796 963 1125 1038 Locridem,
1180 959 1498 1023 Phocidem
1544 962 1847 1042 dispersis,
1898 981 2150 1040 quorum
2201 982 2271 1023 ex
2320 962 2616 1023 Hellanico

503 1046 771 1107 meminit
795 1048 1126 1126 Stephanus
1150 1048 1237 1121 B.,
1269 1048 1583 1108 maximam
1615 1055 1840 1127 partem
1865 1048 2060 1108 addito
2092 1042 2161 1108 ἐν
2182 1041 2412 1132 πρώτῃ
2444 1047 2618 1109 Δευ-

502 1124 911 1206 καλιωνείας,
961 1151 1012 1191 v.
1045 1151 1093 1192 s.
1124 1151 1212 1192 vv.
1245 1123 1598 1212 Ἀγάθεια,
1638 1124 2005 1209 Ἄλπωνος,
2047 1123 2417 1206 Ἄσπενδος
2472 1123 2619 1208 (Ἀ-

505 1210 791 1278 σπένδου
843 1209 1134 1295 κτίσμα),
1196 1211 1552 1301 Θηγιόνιον,
1599 1210 1979 1300 Καλλίαρος
2030 1208 2195 1293 (α’πὸ
2239 1211 2618 1299 Καλλιάρου

499 1298 619 1363 τοῦ
653 1294 1045 1364 Ὁδοιὸόκου
1099 1295 1216 1362 καὶ
1258 1296 1684 1384 Λαονόμης),
1738 1294 2110 1382 Λακέρεια,
2164 1294 2616 1382 Μισγομεναί,

506 1379 797 1471 Οἰάνθη,
862 1379 1122 1470 Φημίαι
1165 1377 1334 1466 (ἀπὸ
1381 1379 1645 1470 Φημίου
1686 1383 1803 1449 τοῦ
1844 1378 2233 1466 Ἄμπυκος),
2288 1405 2437 1466 quae
2482 1387 2618 1448 licet

501 1472 714 1551 quibus
767 1472 996 1550 singula
1046 1471 1454 1533 occasionibus
1508 1479 1964 1534 commemorata
2023 1472 2242 1534 fuerint
2296 1472 2613 1534 obscurum

500 1563 749 1631 maneat,
777 1564 975 1617 tamen
1004 1557 1272 1619 universa
1302 1564 1639 1619 monstrant
1667 1565 1896 1637 praeter
1921 1557 2147 1620 fabulas
2187 1556 2357 1618 etiam
2398 1558 2616 1619 choro-

502 1642 804 1722 graphiam
838 1642 1131 1721 quandam
1162 1661 1360 1704 earum
1390 1643 1719 1722 regionum,
1765 1643 1976 1722 quibus
2006 1643 2211 1705 Aeoles
2251 1643 2423 1722 potiti
2460 1650 2616 1715 sunt,

421 1747 474 1786 14
499 1727 561 1788 in
589 1728 706 1789 hoc
735 1745 888 1806 opus
919 1727 1199 1789 intextam
1228 1727 1446 1801 fuisse3
1475 1727 1633 1789 unde
1654 1728 1950 1807 suspicere
1971 1727 2142 1790 etiam
2168 1728 2518 1790 Strabonem
2543 1727 2614 1798 X,

498 1832 557 1892 p.
588 1813 708 1873 451
743 1812 1183 1874 Deucalioneam
1226 1813 1547 1892 respicere,
1589 1813 2014 1893 vituperantem
2060 1812 2418 1874 Hellanicum
2455 1813 2615 1892 quod

499 1916 647 1977 quae
695 1905 836 1977 post
882 1898 1136 1959 reditum
1174 1897 1625 1960 Heraclidamm-
1651 1898 1886 1959 condita
1924 1898 2044 1960 sint
2082 1898 2300 1977 oppida
2338 1898 2613 1971 Aetoliae,

498 1981 701 2044 eadem
752 1982 1174 2062 antiquissimis
1225 1984 1593 2061 temporibus
1632 1983 1921 2045 tribuerit.
1989 1983 2136 2045 Nam
2182 2000 2615 2044 commemora-

496 2069 660 2128 tione
689 2067 872 2129 Aetoli
903 2069 973 2128 ad
1006 2066 1287 2129 Aetoliam
1314 2068 1572 2129 fortasse
1602 2068 1778 2128 simili
1806 2068 2009 2138 mod0,
2044 2075 2215 2147 atque
2243 2070 2461 2130 factum
2491 2075 2615 2129 erat

497 2154 556 2213 in
588 2152 907 2226 Thessalia,
938 2153 1397 2232 percensendam
1427 2153 1652 2214 delatus
1683 2160 1822 2226 erat,
1853 2153 1925 2213 cf.
1955 2153 2223 2232 Apollod.
2252 2153 2299 2226 1,
2333 2154 2391 2226 7,
2424 2154 2484 2213 5.

669 2237 923 2298 Alterum
956 2236 1165 2298 librum
1196 2236 1393 2298 laudat
1424 2238 1624 2317 Steph.
1656 2238 1719 2298 B.
1752 2257 1806 2297 v.
1837 2230 2122 2316 Σάλμος,
2166 2257 2284 2317 quo
2316 2255 2450 2299 cum
2480 2237 2611 2298 loco

501 2322 887 2384 conferendus
927 2322 1079 2383 idem
1123 2341 1174 2382 v.
1210 2312 1476 2401 Ἄλμων
1516 2329 1573 2383 et
1607 2313 1960 2401 ’Όλμωνες,
2007 2339 2140 2383 cum
2176 2330 2313 2384 nota
2350 2321 2612 2383 Berkelii.

500 2408 707 2468 Olmus
737 2413 865 2469 erat
893 2407 1050 2468 filius·
1076 2406 1327 2486 Sisyphi,
1357 2408 1431 2467 ad
1463 2425 1636 2485 quem
1669 2408 1917 2469 ducebat
1945 2405 2194 2468 historia
2218 2407 2612 2480 Aeolidarum,

501 2512 554 2554 v.
587 2493 855 2571 Apollod.
886 2491 933 2565 Ι,
975 2492 1036 2552 9.
1097 2492 1465 2572 Sequebatur
1490 2492 1685 2554 fabula
1715 2493 1787 2553 de
1816 2494 1972 2554 Pelia
2002 2499 2175 2571 atque
2203 2493 2405 2565 Neleo,
2435 2510 2611 2572 quam

499 2596 680 2656 supra
709 2577 1006 2654 attigimus
1037 2596 1106 2637 ex
1147 2577 1402 2637 Crameri
1441 2578 1656 2638 Anecd.
1689 2579 1813 2638 Vol.
1845 2577 1890 2651 I,
1932 2597 1989 2656 p.
2023 2577 2145 2639 344
2168 2580 2285 2652 21),
2326 2577 2420 2639 cui
2463 2578 2614 2638 sub-

495 2662 690 2723 iuncta
741 2661 921 2723 fuerit
957 2661 1202 2723 historia
1249 2663 1745 2740 Argonautarum,
1788 2662 1939 2723 sicut
1975 2663 2130 2741 apud
2170 2662 2613 2741 Apollodorum.

496 2748 583 2808 Eo
618 2753 884 2826 spectant
913 2766 1061 2826 quae
1093 2747 1164 2808 de
1188 2746 1379 2807 Helles
1411 2746 1577 2809 obitu
1606 2767 1675 2808 ex
1699 2746 1989 2810 Hellanico
2023 2746 2271 2809 citantur
2299 2766 2392 2827 ap.
2418 2748 2614 2809 Schol.

497 2833 762 2911 Apollon.
793 2832 865 2905 Π,
918 2834 1093 2904 1144,
1133 2832 1206 2892 de
1245 2831 1471 2910 origine
1507 2831 1735 2894 Iasonis
1775 2833 1930 2912 apud
1972 2832 2221 2893 eundem
2263 2833 2334 2894 ad
2375 2832 2483 2910 Ap.
2513 2832 2612 2906 ΙΙΙ,

499 2917 621 2977 335
655 2907 692 2977 ὁ·
731 2908 963 2978 Ἰάσων
1006 2909 1146 2977 ἀπὸ
1190 2909 1459 2978 Αἰόλου
1502 2913 1580 2979 τὸ
1625 2911 1808 2998 γένος
1849 2911 2142 2998 κατάγει,
2188 2908 2280 2992 ὦς
2316 2908 2615 2979 Ἑλλάνι-

494 3021 625 3076 κος,
672 3020 819 3080 quae
849 3002 920 3062 de
950 3001 1191 3080 Aphetis
1222 3002 1445 3080 oppido
1485 3002 1549 3063 in
1583 3003 1719 3064 fatis
1751 3004 2222 3081 Argonautarum
2268 3002 2473 3064 celebri
2520 3022 2611 3081 ap.

498 3086 702 3166 Steph.
736 3086 799 3148 Β.
827 3105 880 3146 v.
912 3075 1220 3170 Ἀφεταί,
1263 3086 1335 3147 de
1372 3086 1577 3148 vellere
1606 3106 1783 3150 aureo
1818 3088 1879 3148 in
1908 3087 2128 3167 templo
2164 3087 2319 3149 Iovis
2349 3087 2612 3167 reposito

496 3188 588 3249 ap.
630 3170 823 3232 Schol.
872 3172 977 3249 Ap.
1019 3171 1093 3242 ΙΙ,
1136 3172 1279 3245 404,
1333 3172 1405 3232 de
1446 3172 1659 3233 Iasone
1710 3171 2150 3234 Corinthiorum
2191 3172 2478 3274 inquilino
2519 3192 2613 3252 ap.

497 3255 693 3316 Schol.
723 3255 923 3333 Eurip.
954 3256 1103 3317 Med.
1136 3255 1196 3316 9.
1225 3257 1427 3318 Restat
1457 3258 1661 3337 Steph.
1691 3259 1757 3321 B.
1788 3251 2154 3335 Μιδᾶειον,
2198 3255 2403 3331 πολις
2442 3258 2615 3338 Φρυ-

496 3332 673 3420 γίας·
710 3331 1090 3415 Ἑλλάνικος
1132 3334 1200 3403 ἐν
1230 3336 1513 3425 δευτέρῳ
1545 3335 2093 3419 Δευκαλιωνείας,
2134 3361 2285 3422 quae
2317 3343 2457 3404 urbs
2486 3343 2614 3404 for-

495 3431 656 3486 tasse
685 3424 746 3486 in
775 3425 1141 3504 navigatione
1170 3431 1639 3505 Argonautarum
1683 3436 2146 3491 commemorata
2186 3436 2336 3504 erat3
2376 3429 2614 3490 eadem-

496 3529 608 3589 que
639 3510 869 3572 occasio
908 3511 1085 3572 fuerit
1124 3513 1708 3575 commemorationis
1743 3514 2114 3594 Dactylorum
2156 3513 2495 3584 Idaeorum,
2543 3515 2616 3574 de

496 3595 710 3676 quibus
754 3596 1084 3658 Hellanicus
1134 3597 1404 3661 laudatur
1445 3617 1538 3679 ap.
1594 3599 1791 3661 Schol.
1845 3600 1954 3680 Ap.
1978 3600 2034 3673 I,
2103 3598 2298 3674 11293
2356 3599 2614 3660 Eudocia

632 3894 716 3959 21)
751 3895 968 3947 Eandem
1002 3914 1066 3947 ex
1093 3898 1292 3962 eodem,
1332 3905 1389 3948 nt
1421 3900 1649 3960 videtur,
1692 3896 1831 3950 fonte
1876 3906 2051 3950 narrat
2094 3898 2258 3949 Schol.
2284 3895 2342 3948 Π.
2394 3915 2452 3962 κ,
2496 3897 2613 3949 334.

497 3960 571 4012 Cf.
604 3963 947 4014 Schneidewin
975 3965 1262 4017 Coniectan.
1298 3965 1422 4017 Crit.
1455 3983 1503 4033 p.
1530 3967 1622 4031 99,
1668 3968 1750 4032 qui
1789 3969 1839 4018 in
1872 3968 1985 4019 loco
2019 3967 2265 4017 Hellanici
2311 3967 2487 4017 scribit
2520 3968 2615 4017 καὶ

496 4025 596 4082 τὸν
618 4032 832 4085 Πελίαν
856 4028 1167 4102 ὠνόμαζον.

580 4229 613 4264 l.
716 4273 719 4276 .
