2867 4717
1314 216 1355 235 Σ

999 441 1292 497 nominis
1328 440 1781 512 Caryatidum.
2332 441 2438 497 189

332 600 608 664 habiliter
645 598 1007 677 disputatum
1045 616 1178 659 esse
1216 598 1375 678 quod
1413 591 1618 660 attinet
1652 599 1726 659 ad
1755 597 2150 677 Canephoros.
2205 597 2438 660 Etenim

332 687 594 766 primum
625 702 843 755 earum,
874 701 1023 763 quae
1048 683 1219 744 etiam
1248 700 1408 743 nunc
1434 683 1676 744 Athenis
1705 684 1791 743 vel
1811 683 2034 743 Romae
2064 683 2149 743 vel
2176 682 2306 743 alibi
2337 701 2437 744 ex-

334 778 511 843 stant,
541 776 866 830 statuarum
896 769 1477 829 arcliitectonicarum
1508 768 1758 829 maxima
1782 786 1920 845 pars
1942 786 2139 827 revera
2169 775 2308 828 sunt
2328 766 2437 829 Ca-

334 856 670 935 nephoroe:
712 853 918 913 deinde
950 853 1123 915 habet
1149 854 1295 913 haec
1323 853 1625 932 explicatio
1648 853 1982 913 interiorem
2006 853 2296 932 quandam
2322 853 2438 916 veri
2473 871 2553 913 400

336 941 592 1020 speciem
627 945 686 999 et
714 938 1196 998 concinnitatem:
1227 955 1480 1016 namque
1504 937 1656 999 sicut
1678 954 1853 1007 nunc,
1884 954 2029 1016 quae
2049 937 2269 998 ltaliam
2300 937 2440 999 visi·

334 1024 596 1086 tantibus
626 1022 843 1100 ubique
872 1022 1077 1083 obviae
1106 1024 1278 1097 fiunt,
1311 1022 1564 1100 virgines
1594 1029 1695 1083 aut
1722 1021 1997 1082 mulieres
2027 1039 2162 1081 vasa
2188 1022 2251 1081 in
2280 1021 2442 1101 capi-

333 1109 491 1170 tibus
531 1115 828 1186 gestantes
868 1108 1202 1185 gratissimo
1254 1106 1536 1186 adspectu
1574 1106 1663 1167 vel
1703 1123 2022 1186 provocare
2065 1105 2323 1184 pictores
2368 1106 2440 1167 ad

335 1193 683 1254 imitandum
708 1192 995 1265 videntur,
1018 1193 1096 1252 ita
1120 1200 1579 1253 consentaneum
1596 1198 1689 1252 est
1708 1191 1880 1251 etiam
1900 1189 2153 1251 Graecos
2175 1191 2441 1265 artifices,

335 1278 771 1340 studiosissime
808 1277 936 1337 illos
976 1277 1245 1355 quicquid
1286 1277 1348 1337 in
1384 1283 1591 1337 natura
1620 1283 1724 1337 aut
1749 1275 1811 1336 in
1847 1275 2266 1336 consuetudine
2295 1275 2440 1337 vitae

333 1363 627 1423 humanae
665 1361 892 1423 venusti
929 1370 1102 1442 atque
1140 1361 1339 1422 decori
1377 1360 1749 1436 occurrebat,
1794 1368 1916 1420 arte
1944 1378 2050 1421 sua
2078 1367 2440 1439 prosecutos,

334 1446 584 1525 virgines
636 1464 991 1527 pomparum
1040 1446 1323 1507 imitando
1375 1445 1635 1524 primum
1686 1445 1756 1506 ad
1809 1444 1933 1506 illas
1976 1452 2197 1507 statuas
2240 1452 2440 1507 motos

331 1532 534 1593 fuisse.
597 1531 727 1604 Quo
759 1531 978 1591 accedit
1003 1531 1203 1604 etiam,
1235 1531 1391 1609 quod
1422 1531 1658 1591 eaedem
1688 1530 1963 1608 virgines,
1999 1548 2146 1609 quae
2173 1530 2235 1590 in
2265 1549 2441 1609 pom-

333 1617 426 1700 pis
467 1616 884 1695 supellectilem
924 1635 1151 1676 sacram
1188 1616 1523 1694 gestabant,
1572 1614 2122 1676 convenientissime
2168 1621 2442 1694 poterant

334 1702 406 1763 ad
436 1701 680 1762 alterum
709 1700 848 1761 illud
880 1719 1110 1762 sacrum
1139 1700 1561 1773 ministerium,
1600 1700 1859 1780 epistylia
1892 1698 2268 1761 delubrorum
2295 1719 2439 1779 por·

331 1786 515 1857 tandi,
545 1785 994 1846 accommodari.

504 1870 894 1930 Nihilominus
908 1877 1133 1931 restant
1146 1870 1319 1931 etiam
1346 1870 1433 1930 sic
1452 1868 1765 1930 nonnullae
1782 1868 2162 1943 offensioneS,
2187 1869 2441 1932 maxime

335 1954 388 2017 si
415 1955 477 2015 in
506 1954 914 2015 confusionem
936 1955 1108 2026 illam,
1139 1973 1313 2034 quam
1337 1954 1539 2015 dicunt
1560 1954 1769 2015 factam
1802 1972 1931 2014 esse
1953 1952 2437 2032 Canephororum

334 2046 506 2118 atque
543 2039 937 2118 Caryatidum,
977 2039 1306 2119 diligentius
1345 2038 1735 2117 inquisiveris.
1792 2038 1868 2099 Et
1906 2038 2161 2117 primum
2203 2039 2437 2118 quidem

334 2125 604 2202 cupidius
641 2124 1064 2198 iudicaverunt,
1108 2125 1205 2204 qui
1244 2141 1465 2186 nomen
1495 2122 1860 2203 Caryatidum
1900 2123 2192 2184 novicium
2223 2142 2353 2185 esse
2382 2132 2441 2186 et

334 2228 370 2270 a
401 2209 713 2280 RomaniS,
753 2210 1008 2270 fortasse
1047 2209 1119 2270 ab
1158 2210 1290 2289 ipso
1330 2209 1589 2270 Vitruvio
1627 2209 1936 2270 inductum
1974 2208 2234 2270 arbitrati
2272 2216 2438 2284 sunt:

333 2311 506 2373 quam
540 2294 1025 2355 asseverationem
1057 2313 1126 2355 eo
1158 2301 1502 2372 argumento
1542 2295 1734 2356 solent
1770 2294 2142 2367 confirmare,
2181 2295 2339 2372 quod
2376 2294 2437 2356 in

334 2378 613 2440 celebrata
645 2378 738 2439 illa
766 2378 1147 2458 inscriptione
1176 2378 1363 2440 Attica
1391 2380 1778 2440 Erechtheum
1810 2380 2094 2457 spectanti
2122 2379 2248 2440 eius
2277 2379 2437 2440 aedi-

333 2463 447 2524 ficii
479 2463 811 2543 Caryatides
841 2463 1182 2542 simpliciter
1211 2463 1475 2524 dicantur
1503 2456 1715 2544 κόραι.
1786 2463 1900 2537 Qui
1938 2464 2314 2542 neglexerunt
2338 2464 2438 2526 lo-

335 2566 466 2609 cum
498 2548 775 2608 Athenaei
798 2547 888 2621 v1,
920 2567 979 2627 p.
1004 2548 1127 2609 242
1157 2548 1222 2621 D,
1250 2547 1350 2609 ubi
1380 2567 1448 2608 ex
1472 2549 1704 2627 Lynceo
1734 2548 1952 2622 Sami0‚
1984 2548 2216 2610 Duridis
2246 2548 2437 2612 histo-

332 2633 437 2694 rici
469 2632 670 2704 fratre,
700 2633 1000 2712 profertur
1027 2633 1287 2694 narratio
1309 2633 1496 2714 lepida
1527 2634 1598 2693 de
1621 2633 1848 2713 Corydo
1880 2634 2133 2712 quodam
2157 2635 2436 2713 parasito,

331 2725 576 2798 propter
603 2717 841 2780 facetias
874 2736 1011 2780 suas
1041 2719 1199 2799 apud
1230 2726 1433 2798 poetas
1465 2717 1801 2778 comoediae
1829 2718 2047 2778 Atticae
2070 2736 2254 2778 novae
2285 2718 2436 2780 cele-

331 2803 518 2875 brato,
549 2821 683 2863 eum
710 2802 1029 2877 hominem,
1063 2804 1281 2864 cumin
1307 2802 1561 2864 triclinio
1583 2802 1812 2863 ruinam
1835 2802 2122 2864 minitanti
2145 2810 2436 2878 coenaret,

333 2887 578 2949 dixisse:
622 2880 918 2949 ἐνταῦθα
959 2884 1251 2949 δειπνεῖν
1290 2884 1394 2948 δεῖ
1434 2878 1899 2970 ὑποστήσαντα
1935 2882 2051 2972 τήν
2088 2879 2438 2971 α’ριστερᾶν

331 2971 517 3054 χεῖρα
555 2965 780 3053 ὥσπερ
822 2962 894 3033 αἱ
940 2965 1363 3054 καρυάτιδεςε
1412 2991 1529 3051 quo
1567 2972 1700 3034 loco
1751 2973 1893 3034 satis
1932 2972 2309 3035 manifestum
2348 2981 2439 3037 est

329 3074 451 3117 non
473 3056 544 3117 de
564 3055 907 3118 saltantibus
925 3057 1318 3138 Caryatidibus
1342 3074 1677 3119 sermonem
1699 3076 1850 3133 esse,
1873 3057 2024 3119 sicut
2044 3059 2243 3120 statuit
2257 3059 2437 3122 Boet-

330 3140 570 3219 tigerus,
601 3142 705 3202 sed
736 3142 809 3203 de
837 3147 985 3204 tecta
1014 3150 1182 3223 atque
1211 3142 1470 3223 epistylia
1502 3143 1992 3204 sustentantibus:
2030 3143 2188 3204 unde
2217 3143 2437 3223 colligi-

332 3231 429 3286 tur
465 3242 593 3286 rem
625 3233 797 3305 atque
826 3243 1046 3289 nomen
1075 3246 1210 3290 vere
1242 3228 1528 3289 Graecum
1560 3246 1690 3289 esse
1718 3234 1775 3289 et
1804 3227 1951 3307 ipsis
1981 3228 2435 3292 Atheniensibus

330 3317 695 3389 usurpatum,
717 3312 890 3390 idque
913 3320 1093 3375 aetate
1115 3333 1147 3376 a
1170 3320 1557 3376 monumento
1581 3313 1697 3388 illo,
1722 3332 1837 3393 quo
1863 3312 2191 3395 Caryatides
2213 3314 2435 3378 Erech-

329 3395 446 3455 thei
477 3394 751 3457 dicuntur
778 3389 993 3478 κόραι,
1022 3399 1174 3461 haud
1205 3399 1452 3460 nimium
1483 3398 1737 3460 distanti.

496 3479 736 3554 Deinde,
767 3480 816 3541 si
837 3488 1098 3544 veterum
1121 3484 1457 3545 testimonia
1480 3484 1896 3560 examinemuS‚
1923 3484 2173 3546 multum
2198 3483 2434 3564 quidem

330 3563 414 3623 eis
454 3573 859 3626 memorantur
895 3566 1147 3647 virgines
1185 3568 1538 3647 CaryatideS‚
1589 3567 1806 3629 Dianae
1847 3569 2216 3648 cognominis
2255 3570 2431 3631 cultui

328 3647 605 3722 addictae,
637 3651 743 3711 sed
772 3668 1077 3729 nunquam
1106 3652 1426 3731 loquuntur
1454 3652 1569 3713 nisi
1600 3652 1674 3714 de
1700 3653 2065 3728 saltantibus,
2093 3654 2267 3736 idque
2295 3673 2432 3715 mo-

326 3884 704 3948 spartanisehen
728 3883 1042 3953 Karyatiden
1074 3902 1175 3936 von
1198 3888 1370 3939 Alters
1398 3891 1492 3940 her
1519 3888 1829 3955 angefangen
1862 3892 1971 3954 hat,
2007 3893 2105 3941 und
2139 3893 2254 3942 dass
2286 3893 2431 3958 alles,

324 3964 431 3999 was
454 3950 554 3999 wir
576 3954 702 4001 noch
725 3953 773 4001 in
801 3954 969 4003 dieser
991 3954 1089 4004 Art
1113 3954 1362 4018 besitzen,
1384 3984 1454 3995 --
1476 3959 1744 4022 eigentlicb
1771 3974 1865 4008 nur
1886 3974 1985 4009 von
2008 3956 2339 4024 Ranepboren
2366 3977 2432 4012 zu

322 4018 594 4068 verstehen
618 4019 703 4070 ist.
754 4021 998 4071 Similiter
1020 4022 1242 4073 iudicant
1265 4023 1417 4074 Henr.
1440 4024 1622 4092 Meyer
1655 4027 1705 4076 in
1728 4033 1856 4076 nott.
1881 4026 1945 4075 ad
1973 4025 2274 4078 wincheim.
2299 4028 2427 4095 Opp.

322 4083 440 4136 Vol.
465 4083 527 4149 11,
551 4101 598 4152 p.
625 4086 752 4150 37o;
779 4087 842 4154 V,
866 4104 914 4160 p.
941 4088 1060 4161 332,
1085 4089 1177 4148 001.
1205 4090 1422 4150 Mueller
1443 4093 1631 4147 flandb.
1656 4095 1704 4148 d.
1728 4092 1990 4144 Archaeol.
2025 4092 2058 4159 5
2081 4092 2143 4144 27
2150 4094 2198 4160 9,
2221 4096 2323 4147 alii.
