2867 4717
466 435 578 488 160
979 435 1102 489 Die
1138 435 1679 505 Vorstellungen
1716 436 1832 491 der
1867 435 2072 490 Alten

469 589 1094 653 Autochthonenideen
1120 591 1519 671 polemisirten
1539 593 1626 669 ³);
1666 592 2027 670 dahingegen
2064 592 2248 654 andra
2274 591 2430 654 Welt
2464 594 2586 656 und

469 677 789 737 Menschen
818 675 878 736 in
911 676 1016 737 der
1043 677 1168 738 Zeit
1194 678 1502 738 entstehen
1531 676 1765 750 liefsen,
1806 677 1899 738 die
1925 677 2244 739 Meuschen
2281 676 2460 738 meist
2495 694 2586 750 so,

466 761 599 821 dass
630 779 738 822 aus
769 761 884 822 den
911 761 1102 821 festen
1132 762 1253 822 und
1282 762 1565 841 flussigen
1587 762 1926 823 Elementeu
1955 761 2059 822 des
2083 761 2433 822 Erdbodens
2463 770 2588 824 eret

468 844 908 906 verbereiteude
934 845 1261 925 Bildungen
1292 848 1618 920 entstehen‚
1645 846 1771 909 und
1800 847 2007 907 daraus
2038 847 2194 907 daun
2225 845 2332 905 der
2359 845 2585 908 vollen-

469 929 597 991 dete
634 931 875 991 Mensch
921 931 1184 1009 gestaltet
1223 928 1365 991 oder
1409 932 1665 1008 gehoren
1711 931 1886 1003 wird‚
1940 930 2047 991 wie
2096 929 2453 991 namentlich
2489 930 2584 992 bei

470 1013 921 1087 Anaximander,
950 1014 1370 1094 Empedokle8‚
1401 1016 1804 1090 Parmenide8‚
1833 1014 2162 1090 Demokrit,
2195 1014 2418 1092 Epikur
2442 1032 2500 1075 u.
2532 1032 2584 1076 a.

464 1098 711 1160 Endlich
750 1099 879 1177 fiigt
906 1118 973 1159 er
1003 1099 1153 1160 auch
1194 1099 1339 1161 fiber
1368 1100 1483 1161 den
1526 1100 1854 1180 popularen
1887 1094 2316 1177 Volksglauben
2345 1099 2583 1178 Eiuiges

471 1183 667 1256 hinzu‚
691 1183 830 1244 aber
846 1184 1003 1244 ohne
1019 1184 1148 1244 dass
1173 1191 1350 1246 etwas
1369 1184 1905 1263 Eigenthiimliches
1926 1202 2033 1245 zur
2047 1183 2308 1263 Sprache
2321 1184 2584 1260 kame⁴)‚

470 1284 589 1329 nur
629 1269 757 1328 dass
796 1285 862 1329 er
900 1268 1113 1329 zuletzt
1150 1269 1299 1330 auch
1338 1270 1443 1330 des
1485 1269 1891 1331 etruskischen
1924 1269 2112 1347 Tages
2152 1267 2434 1345 gedeukt,
2475 1267 2583 1329 des

384 1370 414 1408 ι
469 1352 801 1413 bekanuten
833 1353 1287 1432 prophetischen
1317 1353 1815 1426 Wunderkindes‚
1846 1353 2089 1413 welches
2120 1353 2224 1415 der
2253 1352 2403 1430 Sage
2431 1352 2583 1413 uach

469 1436 564 1498 bei
604 1437 905 1516 Tarquinii
951 1456 1056 1499 aus
1110 1438 1242 1498 dem
1281 1438 1458 1499 Felde
1502 1439 1877 1517 ausgeackert
1914 1437 2116 1498 wurde
2160 1436 2286 1497 und
2332 1435 2440 1496 mit
2477 1436 2584 1497 der

470 1522 655 1666 Natlur
693 1522 802 1668 (siles
833 1521 1047 1583 Kindes
1078 1523 1180 1584 das
1214 1522 1602 1585 Greiseualter
1639 1524 1744 1584 der
1771 1522 2021 1600 Bildung
2047 1520 2169 1583 und
2198 1520 2583 1582 Erkenntuifs

470 1625 572 1667 ver
614 1624 686 1666 an
734 1652 748 1668 .

634 1858 772 1919 Also
824 1859 927 1919 das
979 1866 1303 1936 gesammte
1338 1858 1693 1929 Alterthum,
1744 1811 2135 1935 Volkssagen.
2184 1855 2420 1918 Dichter
2456 1857 2582 1918 und

466 1942 891 2021 Philosophum,
920 1943 1015 2003 die
1034 1943 1306 2003 letzteren
1332 1944 1535 2004 sofern
1566 1942 1651 2003 sie
1670 1942 2001 2020 uberhaupt
2027 1940 2198 2002 einen
2220 1941 2450 2019 Anfang
2479 1942 2583 2002 der

466 2027 648 2106 Dinge
678 2027 966 2105 zugeben,
1009 2044 1202 2088 waren
1231 2028 1357 2089 sich
1388 2028 1556 2089 darin
1586 2027 1768 2107 einig,
1812 2027 1942 2088 dass
1988 2026 2090 2086 des
2119 2024 2434 2087 Menschen
2466 2025 2580 2087 Ur⁶
2652 2078 2659 2083 .

602 2233 652 2296 3)
688 2232 850 2284 Unter
871 2235 1061 2284 andern
1088 2234 1294 2285 ocellus
1319 2233 1551 2285 Lucanus
1577 2251 1620 2285 c.
1642 2234 1690 2299 3,
1718 2234 1751 2301 ξ
1773 2236 1796 2284 1
1826 2237 1923 2286 und
1949 2237 1996 2286 5.

603 2301 652 2363 4)
691 2298 784 2365 Qui
819 2309 985 2352 autem
1019 2302 1242 2352 homiues
1273 2302 1469 2368 aliquos
1501 2303 1822 2369 primigenios
1860 2303 2096 2354 divinitus
2130 2307 2376 2352 naturave
2418 2297 2580 2351 factos

469 2368 737 2418 crederent
758 2370 901 2420 multi
920 2368 1139 2433 fuerunt,
1166 2371 1254 2420 sed
1272 2370 1426 2420 aliter
1448 2377 1597 2436 atque
1619 2370 1770 2421 aliter
1793 2371 1842 2420 in
1869 2372 1961 2421 hae
1979 2369 2351 2421 existimatione
2370 2369 2582 2419 versati.

467 2435 593 2486 Nam
617 2443 672 2486 ut
694 2436 911 2502 mittam,
936 2439 1066 2503 quod
1089 2435 1344 2488 fabulatos
1371 2445 1630 2503 poetarum
1653 2439 1896 2488 historiae
1921 2436 2115 2498 ferunt,
2147 2437 2369 2488 homiues
2394 2437 2581 2501 primos

468 2511 558 2553 aut
578 2503 863 2555 Promethei
897 2507 1036 2556 molli
1071 2506 1179 2555 luto
1214 2520 1327 2555 esse
1360 2505 1605 2556 formatos
1638 2513 1727 2556 aut
1750 2506 2069 2556 Deucalionis
2093 2504 2416 2572 Pyrrhaeque
2442 2504 2580 2554 duris

468 2570 714 2636 lapidibus
747 2587 862 2621 esse
895 2580 1065 2638 natoS‚
1113 2573 1308 2638 quidam
1342 2589 1407 2622 ex
1441 2574 1562 2639 ipsis
1597 2574 1872 2638 sapientiae
1904 2570 2280 2638 professoribus
2315 2571 2482 2620 neseio
2517 2586 2582 2620 an

466 2640 623 2701 magis
643 2646 1006 2705 monstruosas,
1033 2647 1173 2690 certe
1193 2656 1289 2689 non
1314 2642 1475 2702 minus
1496 2640 1813 2690 incredibiles
1834 2642 2082 2690 rationum
2101 2653 2303 2690 suarum
2322 2635 2586 2703 proferunt

468 2707 804 2771 opiniones.—
834 2734 978 2745 ———-
996 2708 1222 2774 Denique
1242 2707 1392 2758 etiam
1403 2708 1555 2771 vulgo
1576 2708 1821 2758 creditum
1840 2714 1935 2770 est,
1955 2714 2011 2757 ut
2028 2707 2254 2773 plerique
2275 2707 2583 2769 genealogoe

468 2779 702 2824 auctores
727 2782 862 2837 sunt,
888 2777 1193 2841 quarundam
1210 2776 1430 2838 gentium
1455 2790 1581 2841 quae
1600 2791 1667 2825 ex
1690 2776 1975 2826 adventicia
1994 2776 2154 2840 stirpe
2177 2790 2274 2824 nou
2295 2774 2413 2836 sint,
2438 2773 2585 2838 priu-

470 2841 607 2906 eipes
632 2842 916 2904 terrigenas
942 2859 1075 2907 esse,
1101 2851 1159 2893 ut
1180 2844 1228 2893 in
1249 2844 1419 2894 Attica
1446 2850 1498 2893 et
1522 2842 1737 2893 Arcadia
1755 2841 2133 2908 Thessaliaque,
2158 2856 2347 2908 eosque
2372 2841 2582 2890 autoch-

471 2910 651 2958 thonas
683 2911 985 2960 vocitarunt.
1034 2909 1087 2960 lu
1114 2908 1260 2961 Italia
1285 2910 1541 2977 Nymphas
1578 2911 1936 2977 indigenasque
1962 2910 2162 2960 Faunos
2194 2923 2397 2959 nemora
2432 2922 2584 2972 quae-

471 2976 580 3025 dam
606 2976 831 3025 tenuisse
866 2993 961 3026 non
988 2975 1192 3026 difficile
1219 2979 1357 3027 rudis
1381 2979 1697 3043 antiquorum
1722 2978 1994 3027 credulitas
2029 2977 2240 3041 recepit.
2289 2974 2433 3026 Nunc
2457 2988 2582 3025 vero

471 3058 531 3092 eo
554 3043 789 3093 licentiae
811 3045 1008 3110 poetica
1033 3046 1282 3109 processit
1304 3046 1486 3107 libido,
1511 3052 1569 3096 ut
1590 3046 1677 3094 vix
1702 3045 1876 3096 auditu
1899 3043 2107 3095 ferenda
2131 3044 2444 3105 confingant,
2467 3048 2586 3106 post

469 3111 718 3160 hominum
741 3112 1025 3161 memoriam
1050 3114 1398 3178 progeneratis
1422 3114 1521 3162 iam
1545 3113 1778 3175 gentibus
1804 3120 1858 3162 et
1880 3112 2085 3162 urbibus
2119 3112 2336 3161 conditis
2359 3109 2585 3159 homines

473 3194 501 3228 e
527 3185 665 3229 terra
692 3180 908 3230 diversis
934 3180 1091 3230 modis
1126 3181 1316 3243 editoe,
1353 3188 1411 3230 ut
1433 3182 1481 3230 in
1508 3181 1678 3231 Attica
1710 3178 1876 3233 fertur
1907 3180 2112 3244 regione
2137 3178 2491 3229 Erichthonius
2518 3191 2584 3225 ex

402 3208 425 3309 i
472 3246 686 3297 Vulcani
719 3248 907 3298 semiue
940 3250 1085 3297 humo
1123 3255 1358 3311 exortus,
1392 3255 1446 3297 et
1477 3249 1526 3297 in
1553 3247 1787 3299 Colchide
1821 3249 1906 3300 vel
1932 3248 2137 3297 Boeotia
2171 3244 2381 3295 consitis
2406 3243 2584 3306 anguis

473 3314 705 3363 dentibus
739 3316 919 3365 armati
945 3316 1186 3380 Spartoe‚
1220 3332 1247 3365 e
1283 3316 1460 3381 quibus
1493 3324 1662 3366 mutua
1687 3316 1839 3366 caede
1865 3318 1998 3365 iuter
2022 3330 2079 3365 se
2110 3313 2299 3364 necatis
2332 3311 2477 3376 pauci
2501 3325 2588 3360 su-

473 3396 681 3446 perasse
707 3382 1001 3445 traduntur,
1027 3384 1108 3448 qui
1134 3384 1182 3433 in
1208 3384 1410 3433 conditu
1434 3382 1716 3434 Thebarum
1741 3383 1924 3434 Cadmo
1949 3380 2139 3432 fuerint
2160 3381 2469 3443 adiumento,
2492 3392 2587 3427 nec

474 3463 569 3497 nou
598 3449 644 3497 in
671 3464 793 3511 agro
818 3448 1170 3516 Tarquiniensi
1196 3466 1321 3516 puer
1344 3451 1528 3501 dieitur
1551 3451 1749 3501 divinus
1786 3457 2025 3500 exaratus
2051 3449 2248 3499 nomine
2272 3446 2467 3509 Tages,
2499 3445 2584 3510 qui

474 3515 783 3581 disciplinam
809 3518 1049 3568 cecinerit
1075 3518 1341 3584 extispicii‚
1368 3533 1510 3584 quam
1537 3519 1826 3568 lucumones
1850 3525 1952 3568 tum
1972 3517 2209 3567 Etruriae
2235 3521 2467 3581 potentes
2492 3526 2586 3562 ex-

475 3584 806 3649 scripserunt.
856 3584 972 3648 vgl.
993 3585 1356 3652 Harpocration
1382 3603 1434 3638 v.
1462 3580 1820 3654 αὐτόχθονες,
1848 3586 1907 3634 οἱ
1928 3579 2233 3647 Ἀθηναῖοι.
2284 3579 2589 3649 Δημοσθέ-

472 3666 570 3714 νης
591 3649 652 3702 ἐν
675 3651 760 3718 τῷ
786 3656 1244 3720 παραπρεσβείας
1275 3650 1483 3722 ,,μόνοι
1515 3650 1625 3722 γὰρ
1657 3654 1771 3705 τῶν
1796 3648 2027 3704 πάντων
2062 3645 2406 3718 αὐτόχθονες
2428 3643 2589 3715 ὑμεῖς

473 3717 650 3769 eorem.
700 3716 1123 3788 Ἀπολλόδωρος
1140 3719 1199 3773 ἐν
1216 3725 1337 3778 τοῖς
1360 3722 1492 3791 περὶ
1516 3723 1666 3773 θεῶν
1690 3721 1968 3801 κληθῆναί
1992 3731 2168 3803 φησιν
2194 3713 2397 3772 αὐτοὺς
2422 3709 2589 3765 αὐτό·-

465 3792 704 3854 χθονας,
729 3785 853 3838 ἐπεὶ
870 3783 969 3852 τὴν
983 3784 1192 3854 χθόνα,
1219 3790 1472 3840 τουτέστι
1491 3788 1590 3854 τὴν
1612 3789 1733 3869 γῆνι
1760 3783 1939 3855 αργὴν
1958 3799 2137 3839 ουσαν
2156 3786 2375 3854 πρῶτοι
2399 3776 2590 3851 εἰργά-

477 3866 671 3905 σαντο·
703 3856 759 3904 οἱ
784 3852 848 3905 δὲ
873 3850 969 3905 διὰ
992 3853 1055 3906 τὸ
1081 3853 1158 3924 μὴ
1188 3855 1330 3907 εἶναι
1362 3853 1669 3921 ἐπήλυδας,
1705 3874 1734 3906 ο
1762 3853 1826 3906 δὲ
1851 3852 2144 3923 Πίνδαρος
2174 3852 2268 3904 καὶ
2293 3847 2322 3900 ὁ
2348 3846 2446 3913 τὴν
2470 3851 2587 3899 Δα-

415 3918 427 3991 i
474 3918 645 3974 ναΐδα
681 3917 999 3987 πεποιηκώς
1031 3936 1212 3990 φασιν
1246 3921 1607 4006 Ἐρέχθόνιον
1629 3921 1731 3976 τὸν
1764 3919 2084 3989 “Ηφαίστου
2116 3919 2178 3972 ἐκ
2197 3921 2301 3986 γῆς
2322 3917 2589 3995 φανῆἒκαι.

476 3983 816 4108 αὐῖόέθονες
841 3988 904 4042 δὲ
927 3991 1020 4042 καὶ
1047 3986 1306 4063 Ἀρκάδες
1327 4005 1495 4059 ησαν,
1520 3987 1594 4048 ὥς
1629 3986 1942 4047 Ἑλλάνικός
1964 4001 2132 4058 φησι,
2164 3987 2259 4037 καὶ
2282 3984 2591 4052 ,Αἰγινηται

369 4071 376 4083 ·
474 4071 544 4105 κα
646 4061 848 4121 ηβαῖοι.
