2867 4717
935 407 1297 464 Eleusinia
1354 409 1742 480 disputatio
1776 412 1846 466 11.
2324 414 2427 475 131

312 562 604 642 templum
640 561 958 625 Pausanias
1001 563 1272 644 reliquias
1310 567 1464 628 muri
1495 587 1563 629 ex
1591 567 1836 629 rudibus
1864 566 2153 647 lapidibus
2182 586 2431 650 compo-

315 648 416 709 siti
457 656 685 709 exstare
725 648 1009 726 perhibet,
1052 667 1196 728 quas
1246 653 1516 730 reliquias
1568 653 1924 714 recentiores
1962 653 2427 733 peregrinatores

313 733 487 793 etiam
511 750 669 793 nunc
698 751 1011 812 superesse
1037 735 1295 807 tradunt,
1326 738 1530 798 incerti
1564 746 1756 798 utrum
1782 739 1852 799 ad
1876 738 2252 802 fundamenta
2274 748 2428 804 tem-

316 818 416 897 pla
445 817 785 878 referendae
816 818 936 879 sint
963 836 1035 879 an
1067 820 1137 880 ad
1167 820 1320 880 aliud
1350 822 1531 900 prisci
1563 822 1757 901 operis
1788 823 2107 886 aelidicium
2132 825 2250 903 l⁴).

484 903 573 964 Ad
603 903 765 963 littus
795 903 1182 977 descendenti,
1213 923 1330 984 quo
1361 906 1493 967 loco
1508 907 1731 968 Eleusis
1764 909 2020 986 primum
2048 909 2427 988 conspicitur,

316 987 596 1048 convallis
627 987 912 1066 excipitur
938 989 1148 1068 angulo
1179 991 1544 1053 meridionali
1575 993 1765 1071 campi
1784 992 2058 1066 Thriasii,
2090 1012 2237 1072 quae
2267 995 2427 1072 regio

315 1090 666 1150 quamquam
699 1088 857 1133 nunc
886 1074 1139 1135 sterilior
1176 1083 1268 1135 est
1305 1077 1570 1154 rarisque
1608 1076 1917 1138 arboribus
1950 1078 2193 1151 consita,
2234 1086 2431 1141 tamen

316 1157 455 1216 olim
495 1157 698 1217 fertilis
739 1164 798 1218 et
824 1159 1045 1218 cultura
1074 1159 1348 1237 frequens
1388 1162 1575 1222 fuisse
1605 1161 1844 1234 videtur,
1885 1180 2018 1223 nam
2065 1170 2297 1223 constat
2325 1163 2428 1223 de-

313 1259 477 1301 mum
510 1242 836 1303 Thriasium
862 1242 921 1302 in
945 1243 1059 1304 hoc
1078 1243 1209 1322 ipso
1234 1244 1447 1306 littoris
1470 1253 1660 1306 tractu
1689 1247 1866 1307 situm
1895 1247 2098 1319 fuisse,
2129 1247 2429 1308 nobilissi-

313 1343 478 1386 mum
511 1326 667 1386 illum
700 1333 758 1387 et
786 1327 996 1404 priscis
1019 1330 1383 1406 temporibus
1407 1330 1551 1391 adeo
1576 1337 1895 1409 potentem,
1925 1339 1992 1392 ut
2012 1349 2227 1392 nomen
2253 1350 2427 1393 suum

313 1417 371 1471 et
400 1410 470 1470 ad
503 1419 733 1488 portam
765 1411 917 1471 illam
950 1414 1337 1486 Athenarum,
1371 1433 1485 1493 qua
1516 1415 1575 1474 in
1605 1415 1757 1475 viam
1787 1433 2011 1477 sacram
2045 1415 2326 1486 exibetur,
2370 1422 2431 1476 et

313 1494 386 1554 ad
418 1513 686 1574 campum
719 1496 1210 1574 patentissimum,
1239 1498 1339 1576 qui
1379 1499 1451 1560 ab
1489 1500 1733 1576 Aegaleo
1774 1517 1963 1577 usque
1999 1499 2070 1560 ad
2096 1500 2426 1560 Eleusinem

314 1579 598 1657 oppidum
632 1580 965 1659 porrigitur,
995 1582 1417 1661 propagaverit.
1478 1585 1666 1657 Quem
1692 1585 1926 1645 demum
1951 1584 2049 1663 qui
2074 1583 2208 1645 alibi
2246 1602 2425 1662 quae-

313 1664 715 1740 siveruntlfi),
745 1666 783 1725 ii
816 1683 1022 1743 parum
1062 1668 1391 1728 tribuerunt
1430 1667 1710 1730 Straboni
1751 1668 1852 1741 lx,
1894 1687 1953 1747 p.
1999 1668 2152 1742 395,
2194 1669 2291 1747 qui
2330 1668 2427 1729 lit·

312 1748 460 1808 toris
490 1748 617 1809 loca
648 1767 679 1809 a
712 1749 1111 1827 septentrione
1139 1752 1209 1812 ad
1242 1752 1545 1813 meridiem
1578 1753 2032 1814 circumvectans
2074 1754 2160 1815 sic
2195 1752 2424 1814 scribit:

314 1820 430 1893 εἶτ’
480 1824 775 1905 Ἐλευσὶς
803 1829 1025 1907 πόλις,
1055 1869 1137 1879 -
1167 1823 1314 1897 εἶτα
1354 1833 1432 1898 τὸ
1467 1832 1791 1917 Θριάσιον
1833 1829 2069 1898 πεδίον
2094 1831 2208 1898 καὶ
2243 1828 2426 1915 ὁμώ·

313 1934 513 1994 νυμος
566 1908 871 1997 αἰγιαλὸς
934 1915 1050 1980 καὶ
1096 1916 1313 2001 δῆμος,
1367 1921 1466 1982 ubi
1523 1912 1827 2001 αἰγιαλὸς
1886 1914 2213 2003 Θριάσιος
2267 1921 2426 1982 haud

315 2001 489 2061 dubie
518 2010 760 2063 vocatur
789 2023 851 2064 ea
884 2021 1021 2082 pars
1052 2003 1287 2076 littoris,
1321 2023 1467 2082 quae
1495 2012 1587 2066 est
1614 2007 1766 2066 inter
1794 2005 2015 2066 Rhetos
2065 2013 2124 2066 et
2145 2005 2426 2085 Amphia-

311 2085 405 2146 len
434 2087 797 2163 peninsulam
823 2089 940 2165 16).
1014 2089 1252 2149 Accedit
1301 2088 1459 2167 quod
1501 2098 1770 2151 narratur
1798 2089 1951 2169 apud
1987 2090 2349 2151 Athenaeum
2389 2089 2426 2150 l.

315 2188 386 2243 c.,
415 2171 710 2232 Philaeum
744 2172 804 2233 in
835 2172 1064 2233 dicione
1095 2173 1494 2234 Thriasiorum
1537 2174 1713 2235 situm
1744 2174 1947 2246 fuisse,
1993 2172 2174 2253 (νεών
2223 2194 2428 2235 κατα-

312 2251 798 2334 σκευασάμενος
825 2252 936 2317 καὶ
964 2249 1312 2337 ἀγάλματα
1357 2249 1780 2339 ἱδρυσάμενοι
1823 2253 2147 2341 Θριῆσιν),
2179 2266 2238 2319 et
2268 2259 2427 2338 quod

310 2338 605 2400 Fiedlerus
631 2359 818 2420 prope
847 2342 1063 2402 exitum
1095 2342 1247 2403 illius
1281 2344 1583 2415 convalliS,
1613 2363 1761 2423 quae
1790 2343 1993 2421 incipit
2012 2363 2044 2404 a
2069 2344 2427 2404 monasterio

312 2423 606 2502 Daphnae,
636 2425 874 2503 vestigia
906 2425 1059 2487 demi
1090 2426 1312 2505 antiqui
1344 2435 1571 2488 exstare
1600 2430 1857 2500 adnotat,
1889 2446 2033 2506 quae
2070 2427 2197 2506 ipse
2228 2427 2429 2488 statuit

313 2507 525 2569 Thriae
556 2527 706 2569 esse.
768 2510 1051 2589 Apposite
1079 2510 1232 2571 idem
1266 2512 1417 2572 hanc
1447 2512 1764 2590 regionem,
1803 2513 2067 2591 quamvis
2107 2512 2426 2573 tristiorem

311 2606 470 2653 nunc
510 2593 852 2671 adspectum
883 2595 1111 2667 referat,
1144 2596 1324 2656 modo
1355 2614 1502 2676 aqua
1540 2599 1978 2676 suppeditetur,
2008 2596 2426 2657 fertilissimam

313 2676 488 2738 etiam
504 2695 663 2739 nunc
680 2678 936 2739 futuram
965 2679 1104 2741 satis
1135 2681 1341 2741 harum
1366 2699 1563 2741 rerum
1587 2682 1811 2760 peritus
1835 2681 2006 2742 iudex
2033 2680 2286 2741 affirmat
2310 2683 2332 2720 ¹
2350 2681 2426 2755 ⁷).

480 2762 701 2823 Deinde
732 2763 821 2824 via
850 2763 1158 2825 sinuosum
1191 2784 1328 2826 orae
1350 2765 1673 2826 maritimae
1694 2765 1907 2825 flexum
1933 2764 2011 2825 ita
2042 2765 2322 2843 sequitur,
2362 2770 2430 2824 ut

317 2845 575 2925 primum
620 2849 1080 2927 septentrionem
1110 2867 1335 2921 versuS,
1379 2849 1589 2910 deinde
1625 2867 1829 2910 versus
1885 2848 2247 2910 occidentem
2285 2847 2427 2909 diri-

454 2983 535 3047 14)
573 2983 678 3034 Hoc
710 2985 890 3035 statuit
923 2984 1152 3036 Dodwell
1185 2986 1335 3036 class.
1372 2993 1490 3036 tour
1523 2984 1580 3048 Π,
1607 3001 1656 3051 p.
1689 2986 1803 3048 171,
1838 2986 1963 3037 illud
1997 2985 2213 3035 Leukius
2246 2984 2427 3035 North.

316 3049 406 3102 Gr.
436 3048 500 3113 11,
534 3067 581 3116 p.
615 3050 731 3101 384.
777 3051 945 3103 Rudes
975 3054 1165 3119 lapides
1199 3051 1426 3121 (ἀργοὺς
1457 3054 1669 3116 λίθους)
1706 3053 1983 3104 Pausanias
2015 3054 2185 3104 dicere
2209 3053 2343 3104 solet
2363 3053 2427 3103 ad

314 3119 509 3169 modum
532 3118 820 3185 Cyclopium
845 3121 929 3186 qui
952 3127 1164 3172 vocatur
1186 3123 1527 3173 concinnatos.

455 3185 536 3249 15)
578 3186 732 3237 Velut
755 3187 972 3237 Leakius
996 3190 1057 3238 de
1082 3190 1210 3238 dem.
1236 3189 1342 3239 Att.
1369 3206 1416 3255 p.
1446 3188 1556 3254 146,
1594 3189 1676 3253 qui
1700 3187 1885 3239 Thriae
1910 3187 2148 3255 reliquias
2181 3187 2232 3237 in
2266 3188 2427 3239 medie

316 3252 522 3318 planitie
548 3252 796 3316 Thriasia‚
822 3270 973 3320 supra
1002 3256 1288 3306 Eleusinem
1315 3258 1653 3319 investigasse
1679 3256 1774 3306 sibi
1797 3257 2014 3307 videtur.
2089 3254 2289 3305 Rectius
2315 3271 2425 3306 eum

316 3320 576 3371 Dodwello
603 3329 655 3372 et
679 3321 847 3373 Gellio
875 3321 1090 3374 lirusius
1117 3323 1244 3374 Hell.
1270 3322 1329 3387 Π,
1359 3324 1382 3373 l
1411 3340 1459 3388 p.
1490 3323 1602 3373 178.

455 3387 533 3450 16)
571 3386 646 3439 Cf.
672 3389 829 3440 Leak.
854 3390 1033 3441 North.
1072 3389 1159 3441 Gr.
1192 3389 1252 3455 ll,
1277 3407 1322 3456 p.
1352 3391 1450 3440 383
1485 3393 1568 3440 the
1603 3389 1872 3441 cultivable
1905 3390 2099 3454 ground
2131 3395 2185 3440 at
2208 3391 2306 3441 this
2331 3404 2423 3441 ex-

316 3456 522 3520 tremity
555 3453 612 3505 of
641 3459 726 3507 the
761 3457 934 3525 valley
970 3456 1026 3507 of
1044 3455 1228 3509 Dbnl'ui
1261 3459 1304 3508 is
1329 3459 1606 3525 prolonged
1629 3459 1678 3508 in
1704 3473 1734 3507 a
1760 3473 1958 3508 narrow
1984 3458 2143 3524 stripe
2167 3458 2315 3522 along
2340 3459 2424 3508 the

316 3524 465 3572 shore
501 3520 560 3573 of
590 3525 672 3574 the
706 3525 804 3591 bn}r
837 3533 890 3575 at
923 3528 1007 3575 the
1045 3523 1155 3575 foot
1186 3523 1244 3576 of
1270 3534 1444 3576 mount
1476 3525 1792 3593 CorydalluS,
1827 3523 1987 3576 usfar
2009 3541 2066 3575 as
2092 3527 2174 3575 tbe
2201 3525 2425 3576 Metokbi

316 3588 375 3639 of
392 3589 719 3656 Skarmangfi.
792 3590 865 3644 Cf.
890 3594 951 3644 de
977 3593 1104 3644 dem.
1129 3609 1177 3658 p.
1207 3593 1304 3643 144
1331 3595 1402 3657 [et
1427 3593 1592 3644 Rossii
1620 3594 1804 3644 Demen
1828 3610 1927 3645 von
1953 3593 2126 3644 Attika
2151 3609 2231 3658 pg.
2257 3594 2380 3656 72.].

452 3658 535 3721 17)
572 3659 673 3710 Das
699 3659 828 3710 Tbal
868 3662 954 3711 bat
976 3661 1205 3712 westlich
1246 3669 1396 3712 unter
1430 3662 1540 3712 dem
1579 3660 1790 3712 Kloster
1812 3661 2016 3712 starken
2041 3660 2181 3722 Fam
2208 3676 2265 3711 es
2290 3661 2427 3710 ziebt

317 3725 423 3775 sich
457 3725 532 3775 bis
568 3743 630 3777 an
669 3729 759 3778 das
786 3726 929 3778 Meer
961 3728 1124 3779 binab.
1194 3729 1332 3779 Nacli
1360 3730 1471 3780 dem
1495 3729 1669 3779 Meere
1706 3745 1771 3778 zu
1807 3730 2069 3779 erweitert
2100 3744 2157 3778 es
2203 3728 2309 3778 sicli
2344 3728 2424 3777 ein

314 3794 496 3856 wenig.
567 3795 689 3844 Hier
711 3797 887 3846 stehen
915 3797 1144 3846 einzelne
1169 3797 1346 3847 Oliven
1380 3799 1479 3847 und
1525 3798 1691 3861 einige
1714 3796 2274 3847 Jobannisbrodbiiume.
2322 3793 2427 3844 Der

314 3860 483 3910 Boden
515 3861 586 3912 ist
619 3864 844 3914 schlecbt
876 3866 974 3914 und
1010 3866 1094 3914 hat
1133 3864 1281 3914 keine
1315 3865 1699 3928 Bewiisserung,
1735 3865 1823 3914 das
1868 3863 1997 3914 Tbul
2028 3865 2097 3914 ist
2130 3863 2286 3912 daber
2318 3863 2427 3911 bier

315 3928 495 3979 blichst
515 3928 868 3993 unfruehtbar3
895 3947 952 3982 es
976 3931 1287 3995 darfjedoch
1314 3948 1409 3982 nur
1437 3932 1655 3983 Wasser
1676 3931 1919 3995 gescbafft
1940 3931 2143 3981 werden
2168 3931 2267 3980 und
2287 3936 2424 3980 trotz

313 3996 428 4046 dem
451 3998 738 4049 schlecbten
773 4000 940 4050 Boden
973 4001 1179 4049 werden
1214 4000 1324 4050 bier
1354 3999 1610 4065 Getreide‚
1635 4000 1789 4051 Weiu
1823 4000 1924 4049 und
1947 3998 2167 4049 Friiclite
2189 3999 2289 4047 und
2317 4012 2425 4048 was

322 4064 416 4113 der
450 4064 617 4116 Siiden
641 4065 867 4120 Sebiines
892 4069 980 4119 bat
1001 4067 1197 4132 freudig
1220 4068 1481 4132 gedeilien.
1550 4068 1644 4118 Am
1667 4068 1933 4131 Ausgsnge
1958 4067 2048 4117 des
2073 4064 2253 4131 Thala,
2279 4066 2426 4117 kann

1962 4147 2029 4199 9*
