2867 4717
355 598 409 638 14

361 2626 412 2666 15

445 427 549 480 102
1217 422 1308 475 De
1359 421 1796 490 Praxiphane

445 579 819 660 grammatica
858 579 932 640 ab
968 579 1500 640 Alexandrinorum
1539 578 1821 650 distabat,
1861 577 2284 657 principiorum
2325 588 2564 642 contra-

439 667 596 727 rium
647 665 904 743 quodam
955 663 1138 724 modo
1189 664 1260 723 ad
1298 662 1715 741 Peripateticae
1765 681 1834 723 ac
1871 662 2101 724 Stoicae
2149 668 2572 742 grammaticae

441 749 892 829 discrepantiam
944 748 1167 808 referri.
1233 747 1464 807 Etenim
1511 765 1686 826 quam
1723 747 2096 808 Alexandrini
2136 749 2565 826 profitebantur

442 826 821 914 ἀναλογίαν,
863 851 993 893 eam
1033 839 1300 911 apertum
1341 838 1433 891 est
1472 831 1832 910 respondere
1866 849 2112 893 normae
2141 832 2237 893 isti
2265 840 2439 912 atquc
2465 852 2564 897 re—

442 920 607 998 gulae
644 917 890 979 rationis
907 962 922 989 ,
973 935 1085 995 qua
1125 915 1495 993 Peripatetici
1533 916 2021 978 consuetudinem
2062 916 2352 994 vulgarem
2394 918 2564 979 cohi-

440 1003 657 1065 bebant
695 1019 1023 1082 purumque
1056 1000 1218 1061 illum
1249 1018 1315 1060 ac
1341 1000 1591 1079 politum
1622 1018 1959 1061 sermonem
1990 1001 2345 1073 condebant,
2386 1021 2564 1080 quem

438 1088 727 1148 vocabant
741 1077 1192 1168 Ἑλληνισμόνς
1238 1091 1644 1163 praeterquam
1677 1085 1836 1163 quod
1860 1085 2224 1163 Peripatetici
2252 1086 2392 1147 artis
2422 1103 2562 1149 ora-

440 1172 626 1233 toriae
655 1188 832 1232 usum
858 1169 1211 1248 spectabant,
1242 1169 1612 1229 Alexandrini
1642 1170 2077 1248 grammaticam
2108 1177 2386 1248 tanquam
2418 1189 2563 1250 pro-

441 1256 632 1336 priam
657 1263 860 1329 artem,
888 1260 1008 1314 tam
1039 1273 1069 1313 a
1092 1253 1380 1314 rhetorica
1408 1272 1583 1332 quam
1609 1272 1640 1313 a
1665 1254 1848 1332 logica
1872 1260 2196 1333 separatam
2219 1255 2563 1317 tractabant.

444 1342 734 1402 Cratetem
764 1357 900 1398 vero
930 1337 1092 1399 illum
1123 1337 1444 1409 Mallotem,
1484 1339 1982 1416 Pergamenorum
2020 1338 2379 1418 principem,
2421 1339 2562 1401 satis

440 1432 650 1485 notum
683 1430 774 1484 est
802 1423 862 1483 in
892 1442 961 1483 eo
996 1440 1200 1501 opere,
1241 1440 1358 1500 quo
1405 1413 1753 1506 ἀνωμαλίᾳ
1793 1430 1993 1484 contra
2024 1423 2422 1484 Aristarchum
2452 1442 2562 1502 pa·-

441 1509 765 1570 trocinatus
796 1514 900 1580 est,
929 1505 1001 1567 ab
1035 1525 1214 1584 opere
1244 1506 1555 1586 Chrysippi
1584 1507 1916 1585 profectum
1948 1526 2099 1568 esse.
2160 1507 2287 1568 Hoc
2316 1508 2367 1567 si
2395 1514 2561 1569 tene-

443 1612 641 1666 amuS,
688 1592 861 1653 etiam
891 1591 1029 1651 illud
1062 1591 1317 1669 expediri
1348 1598 1549 1670 potest
1576 1592 1736 1669 quod
1767 1609 1873 1669 per
1898 1592 2044 1653 mihi
2071 1592 2288 1652 mirum
2319 1591 2563 1663 videtur,

443 1678 661 1738 scilicet
699 1675 858 1755 quod
898 1675 958 1735 in
998 1675 1142 1737 locis
1182 1694 1362 1754 supra
1388 1675 1635 1736 laudatis
1666 1675 2005 1737 Aristoteles
2035 1682 2208 1754 atque
2238 1675 2563 1754 Praxipha-

441 1781 547 1822 nes
588 1760 1025 1840 grammaticam
1058 1760 1374 1839 perfecisse
1402 1760 1800 1832 affirmantur,
1843 1760 2179 1821 Stoicorum
2211 1766 2403 1820 autem
2433 1779 2560 1820 me·

443 1847 571 1917 rita,
601 1864 748 1924 quae
769 1845 995 1905 maiora
1018 1852 1198 1918 erant,
1228 1863 1300 1905 ne
1329 1861 1450 1905 uno
1484 1844 1720 1923 quidem
1744 1844 1920 1904 verbo
1945 1852 2367 1905 memorantur.
2419 1843 2561 1905 Cre-

443 1930 691 1990 diderim
717 1929 984 2008 equidem
1013 1928 1242 1989 fontem
1273 1929 1482 1989 harum
1513 1930 1886 1989 notationum
1908 1929 2094 1989 fuisse
2116 1929 2563 2007 grammaticum

442 2016 695 2093 aliquem
723 2012 1177 2074 Alexandrinum
1197 2016 1221 2054 2
1239 2014 1315 2092 ⁰),
1345 2032 1615 2092 eumque,
1644 2014 1802 2091 quod
1834 2003 2184 2091 ἀναλογίαν
2213 2032 2353 2074 suae
2381 2013 2561 2074 disci-

443 2099 635 2179 plinae
685 2097 1009 2158 arctissime
1062 2098 1431 2157 coniunctam
1476 2116 1607 2157 esse
1646 2116 1779 2158 cum
1817 2097 2335 2175 Peripateticorum
2377 2089 2560 2179 ἑλλη-

442 2178 661 2264 νισμῷ
706 2181 1066 2259 intelligeret,
1101 2181 1418 2259 repudiatis
1461 2182 1676 2242 Stoicis
1724 2181 1795 2241 ab
1836 2182 1946 2242 illis
1990 2181 2213 2242 semina
2255 2182 2378 2242 eius
2419 2182 2561 2242 artis

443 2273 706 2344 repetere
737 2265 1008 2336 voluisse,
1048 2283 1221 2344 quam
1255 2265 1465 2326 deinde
1496 2272 1553 2326 et
1573 2266 1702 2343 ipse
1725 2273 1780 2326 et
1810 2265 1983 2327 ceteri
2015 2266 2383 2327 Alexandrini
2413 2284 2564 2344 pro-

442 2351 772 2411 fitebantur.
2370 2395 2373 2400 .

617 2436 902 2514 Superest
948 2440 1016 2493 ut
1063 2432 1253 2494 dicam
1294 2434 1367 2494 de
1407 2434 1642 2511 scriptis
1684 2440 1742 2493 et
1779 2434 2119 2512 fragmentis
2162 2434 2564 2513 Praxiphanis,

446 2526 736 2599 quotquot
776 2519 950 2579 etiam
988 2534 1149 2578 nunc
1177 2525 1422 2579 exstant.
1483 2518 1639 2579 Num
1670 2518 2105 2598 philosophiam
2137 2519 2301 2580 libris
2332 2537 2566 2598 quoque

446 2604 615 2665 editis
657 2602 1023 2681 explicaverit
1061 2602 1215 2662 haud
1249 2610 1505 2675 constat3
1547 2612 1698 2663 certe
1739 2602 1881 2662 nihil
1912 2603 1981 2663 ad
2015 2603 2422 2682 philosophiae
2450 2604 2564 2664 Pe·-

446 2688 777 2768 ripateticae
799 2686 1240 2766 explicationem
1268 2687 1491 2759 adiecit,
1521 2687 1677 2765 quod
1707 2687 1796 2747 vel
1819 2687 2037 2748 diserto
2064 2688 2373 2766 Epiphanii
2396 2688 2563 2749 testi-

445 2774 650 2834 monio
690 2790 869 2850 supra
899 2791 957 2850 p.
990 2772 1027 2830 7
1060 2771 1335 2849 apposito
1364 2772 1772 2844 confirmatur,
1815 2771 1902 2831 vel
1934 2772 2097 2844 inde,
2139 2773 2293 2850 quod
2336 2773 2396 2832 in
2434 2778 2563 2832 toto

447 2858 806 2918 scholiorum
849 2857 911 2916 in
941 2855 1273 2916 Aristotelis
1312 2855 1496 2916 libros
1537 2875 1568 2917 a
1599 2855 1889 2917 veteribus
1921 2856 2334 2935 interpretibus
2366 2856 2566 2916 elabo-

447 2950 710 3003 ratorum
743 2958 1020 3018 corpore,
1055 2948 1339 3016 quantum
1369 2940 1493 3000 eius
1523 2940 1812 3001 Brandisii
1842 2959 1977 3002 cura
2007 2958 2165 3001 nunc
2192 2941 2566 3019 profligatum

449 3034 564 3098 est,
602 3043 677 3086 ne
717 3023 898 3085 semel
927 3022 1159 3102 quidem
1193 3024 1577 3102 Praxiphanis
1609 3025 1831 3085 mentio
1863 3025 2133 3086 iniicitur.
2195 3026 2309 3099 Qui
2340 3032 2570 3087 exstant

447 3110 598 3171 tituli
639 3126 887 3189 operum
916 3107 1204 3186 poeticam
1236 3109 1515 3182 maxime,
1558 3127 1704 3187 quae
1748 3128 1778 3169 a
1808 3109 2210 3188 Peripateticis
2251 3116 2566 3188 praeeunte

449 3323 498 3357 v.
525 3306 668 3357 Sext.
693 3308 834 3372 Emp.
859 3309 974 3360 adv.
1011 3311 1166 3362 Math.
1191 3310 1238 3374 1,
1274 3310 1333 3374 3,
1368 3310 1463 3372 60,
1495 3310 1583 3360 ubi
1619 3312 1879 3361 notissima
1913 3312 2003 3361 illa
2026 3310 2315 3362 definitione
2338 3310 2570 3376 Dionysii

450 3373 660 3424 Thracis
686 3375 908 3426 exhibita
930 3378 1267 3440 adiunguntur
1289 3380 1435 3427 haec:
1466 3364 1627 3435 οὗτος
1648 3379 1756 3446 μὲν
1781 3369 1880 3430 οὖν
1904 3374 2096 3434 οὕτως.
2144 3377 2367 3446 ἐγκαλεῖ
2382 3376 2445 3429 δὲ
2470 3375 2568 3429 αὗ·-

450 3441 530 3506 τῷ
553 3442 905 3510 Πτολεμαῖος
935 3441 964 3493 ὁ
991 3439 1463 3513 Περιπατητικός,
1497 3439 1589 3495 ὅτι
1625 3440 1725 3495 οὐκ
1755 3444 1926 3516 ἐχρῆν
1958 3444 2259 3515 ἐμπειρίαν
2291 3445 2571 3512 εἰρηκέναι

450 3506 551 3574 τὴν
571 3506 990 3576 γραμματικήν·
1017 3507 1153 3575 αὐτὴ
1176 3512 1282 3580 μὲν
1304 3508 1415 3582 γὰρ
1440 3509 1472 3577 ἡ
1499 3510 1766 3583 ἐμπειρία
1789 3509 1945 3583 τριβή
1965 3517 2048 3569 τίς
2071 3512 2190 3564 ἐστι
2213 3515 2306 3564 καὶ
2330 3509 2568 3583 ἐργάτις,

451 3571 683 3655 ἄτεχνος
716 3574 779 3626 δὲ
811 3579 902 3628 καὶ
937 3574 1167 3658 ἄλογος,
1194 3578 1254 3632 ἐν
1282 3581 1418 3650 ψιλῇ
1444 3577 1942 3661 παρατηρήσεισκαὶ
1968 3584 2360 3663 συγγυμνασζᾳ
2384 3581 2568 3647 κειμέ-

451 3660 534 3708 νη·
569 3642 691 3775 ’ἒὲἶῗ
707 3649 1636 3766 ’11³2ssssssssX‘J'cssfil'lefflfffisslssfi's'·
1681 3648 2276 3767 ῗῗέἕὲἷεῖῖἒξοὲῖΐῖἶίῗ
2308 3650 2381 3766 «ξ’
2393 3647 2497 3767 '51³3’
2519 3648 2571 3765 ⁷}

451 3786 506 3829 et
529 3781 732 3845 scripsit
766 3797 887 3846 opus
925 3783 1054 3851 περὶ
1078 3731 1509 3851 γρΡαμματιέῶν,
1547 3754 1642 3848 quo
1665 3731 1925 3834 (historiam
1949 3733 2311 3847 grafmmaticag
2326 3792 2381 3834 et
2402 3731 2569 3847 graff-

450 3848 745 3897 maticorum
771 3856 1095 3912 tractaverat,
1120 3852 1251 3900 unde
1277 3851 1462 3901 multae
1490 3853 1773 3902 notationes
1797 3853 1859 3902 ad
1884 3868 1975 3902 nos
1996 3858 2364 3917 pervenerunt,
2387 3851 2569 3916 partim

448 3930 542 3979 per
566 3914 782 3977 Sumam,
804 3918 982 3982 partim
1007 3933 1097 3982 per
1119 3917 1264 3981 alioS‚
1291 3919 1450 3967 veluti
1477 3935 1568 3984 per
1596 3919 1830 3970 Scholion
1857 3920 1980 3969 illud
2004 3920 2300 3982 Plautinum,
2331 3920 2391 3968 de
2427 3917 2569 3967 cuins

450 3979 588 4099 {gnte
607 3983 933 4099 Ριὲιέἰὲαὺίἰίῑοι·
952 3984 1239 4035 Nitzschius
1258 3986 1320 4035 de
1341 3985 1596 4036 Pisistrati
1613 3987 1830 4037 editione
1852 3987 2053 4038 Homeri
2071 4004 2120 4053 p.
2148 3988 2205 4036 17
2229 3994 2282 4036 et
2298 3987 2360 4035 ad
2381 3985 2568 4052 Odyss.

529 4085 543 4111 2
570 4065 616 4115 1>-
749 4088 761 4099 ·
