2867 4717
948 428 1307 485 Eleusinia
1350 428 1725 497 disputatio
1760 428 2435 484 11.135

664 579 1047 689 Εὐμόλπου,
1091 576 1450 689 προχέωνε
1427 578 1816 689 ιμερόεσσαν
1855 580 2023 651 όπα·

497 662 569 750 ὃς
608 669 723 734 καὶ
771 665 1140 774 δυσμενέων
1174 665 1405 773 μόθον
1442 662 1516 731 οὐ
1556 665 1797 751 τρέσεν,
1845 666 1985 735 ἀλλ’
2030 665 2317 733 ἐσάωσεν

666 747 927 860 ὄίχροιντί
975 746 1270 856 αρρήτων
1311 749 1573 833 θέσμια
1615 752 2096 834 Κεκροπίδαις.

493 831 574 906 Ἄ
613 836 853 924 μάκαρ,
888 830 961 901 ὃν
1002 835 1119 901 καὶ
1162 835 1371 922 δῆμος
1411 833 1914 925 ἐπεστεφάνωσε
1955 834 2287 926 γεραίρων,

320 1011 421 1074 ubi
452 1010 611 1091 quod
656 1010 726 1070 de
763 1007 1025 1070 hostium
1066 1008 1401 1069 Eleusinem
1430 1009 1755 1087 petentium
1785 1011 2009 1090 impetu
2031 1009 2261 1083 dicitur,
2292 1026 2434 1087 pro-

318 1096 510 1157 babile
540 1102 633 1156 est
652 1094 1094 1164 fuisseGothoS‚
1128 1093 1227 1172 qui
1258 1092 1408 1153 circa
1438 1111 1490 1153 a.
1523 1093 1645 1171 269
1676 1096 1947 1157 Achaiam
1981 1113 2215 1156 omnem
2245 1100 2434 1153 vasta-

319 1188 549 1251 verunt,
595 1179 803 1240 deinde
842 1198 874 1239 3
902 1178 1171 1275 Dexippo
1201 1176 1540 1238 Atheniensi
1579 1165 1697 1239 fusi
1733 1181 1996 1259 Epirum,
2035 1180 2436 1251 Acarnaniam,

319 1265 624 1326 Boeotiam
655 1263 951 1342 pervagati
991 1269 1148 1322 sunt.
1234 1261 1448 1322 Postea
1484 1262 1749 1341 Cephissi
1789 1264 2089 1326 brachium
2131 1270 2438 1343 superatur

317 1349 622 1429 ponticulo
655 1349 937 1419 iunctum,
968 1347 1176 1407 oliveto
1208 1346 1379 1407 etiam
1410 1346 1587 1407 huius
1617 1348 1814 1409 rivulis
1846 1349 2224 1410 circumfuso.
2283 1348 2434 1409 Pau-

320 1435 518 1496 sanias
559 1451 748 1535 prope
789 1433 978 1510 ripam
1021 1431 1214 1491 locum
1261 1448 1391 1490 esse
1427 1417 1621 1504 tradit,
1665 1433 1759 1493 cui
1788 1433 2069 1512 Caprifico
2101 1450 2319 1492 nomen
2360 1432 2438 1493 sit

214 1533 227 1543 ·
319 1509 499 1599 (παρ’
547 1508 728 1599 αὐτῷ
771 1512 1092 1577 καλοῦσιν
1131 1507 1458 1596 Ἐρινεόν),
1507 1515 1606 1576 ubi
1653 1515 1824 1579 Pluto
1865 1525 2035 1596 rapta
2082 1516 2436 1596 Proserpina

319 1604 390 1665 ad
417 1603 636 1663 inferos
669 1603 1024 1662 demersisse
1054 1609 1340 1673 narretur,
1371 1601 1688 1679 eademque
1714 1604 1954 1682 regione
1975 1603 2435 1682 Polypemonem

318 1689 630 1759 latronem,
663 1687 1017 1747 Procrusten
1050 1685 1416 1763 cognomine,
1460 1704 1490 1746 a
1524 1686 1755 1747 Theseo
1801 1687 1938 1748 olim
1981 1689 2242 1748 occisum
2283 1706 2432 1748 esse.

316 1772 715 1833 celebraverat
743 1771 887 1831 haec
913 1770 1039 1831 loca
1071 1787 1302 1831 carmen
1334 1769 1659 1849 Orphicum
1692 1773 1763 1833 de
1792 1771 1997 1833 Cerere
2024 1771 2336 1845 Eleusinia,
2379 1790 2431 1831 v.

315 1858 540 1919 Demet.
569 1863 628 1916 et
657 1855 932 1934 Proserp.
965 1874 1024 1933 p.
1054 1853 1173 1915 133
1205 1861 1326 1916 not.
1351 1854 1409 1915 9.

492 1942 702 2001 Totam
738 1939 886 2000 viam
926 1937 1255 2000 Dodwellus
1296 1958 1328 1999 a
1375 1957 1440 1999 se
1469 1946 1717 2018 quatuor
1757 1939 1921 2001 horis
1951 1947 2009 2000 et
2036 1939 2291 2018 quinque
2317 1939 2433 2000 mi·—

316 2025 476 2088 nutis
518 2025 845 2086 absolutam
878 2043 1012 2085 esse
1049 2022 1214 2096 dicit3
1255 2022 1469 2084 Gellius
1510 2024 1819 2085 duodecim
1860 2024 2109 2086 millibus
2147 2043 2432 2104 passuum
2487 2040 2539 2080 15

316 2118 376 2173 et
405 2111 833 2172 duodecentum
868 2127 994 2170 eam
1039 2126 1313 2168 emensus
1359 2115 1466 2169 est.
1555 2109 1629 2169 Et
1655 2110 1896 2188 longum
1932 2109 2044 2170 sihi
2073 2111 2181 2170 iter
2208 2109 2432 2188 praeire

313 2196 587 2258 Iacchum
628 2194 890 2273 produnt
929 2192 1101 2254 etiam
1144 2200 1364 2272 mystae
1395 2193 1827 2273 Aristophanei‚
1859 2214 2062 2264 verum
2091 2202 2288 2256 tamen
2320 2196 2429 2256 deo

318 2282 470 2343 duce
500 2280 628 2340 sine
659 2279 821 2339 omni
850 2277 1115 2339 molestia
1139 2278 1558 2356 peragendum,
1587 2297 1673 2340 VS.
1707 2278 1848 2342 398.

498 2373 723 2456 Ἴακχε
763 2371 1192 2482 πολυτίμητε,
1233 2371 1434 2458 μέλος
1476 2370 1706 2482 ἑορτῆς

517 2458 813 2567 ἥδιστον
835 2457 1037 2542 εὖρων
1080 2460 1268 2567 δεῦρο
1297 2460 1779 2527 συνακολουθει

519 2545 694 2652 πρὸς
734 2544 850 2631 τήν
892 2544 1057 2610 θεὸν
1098 2543 1215 2610 καὶ
1261 2543 1476 2623 δεῖξον
1518 2540 1609 2622 ὥς

521 2626 696 2697 ἄνευ
741 2628 990 2726 πόνου
1035 2628 1333 2715 πολλὴν
1388 2624 1578 2695 ὁδὸν
1628 2624 1984 2717 περαίνεις.

488 2771 555 2833 D.
585 2770 827 2850 Dorpati
858 2790 936 2832 m.
964 2770 1296 2850 Septembri
1328 2788 1378 2830 a.
1409 2767 1797 2831 MDCCCXLI.
