2867 4717
1162 249 1199 293 ἱ

836 443 1309 510 grammaticae
1359 443 1800 514 Byzantinae.
2315 451 2385 503 83

267 593 524 702 νέσθαι.
613 592 932 702 θεμέλιον
976 595 1115 684 γὰρ.
1152 618 1267 699 2¹⁸·
1302 601 1382 660 24
1431 595 1777 703 δυοχερείᾳ
1812 597 2102 705 ιφείἰκτηέα
2144 599 2386 684 τυγχά-

267 685 611 851 tvaim?
620 677 1712 852 ,5³22t“2²}},3⁰.53.552⁷3‘55.32²55
1720 689 2385 851 ντέῗῖὶἓᾏιωῖὖμῖἷῖ

265 845 598 914 θάνουσιν.
682 852 748 913 In
776 816 1102 932 fragmento
1134 853 1442 933 Theophili
1474 874 1531 933 p.
1565 855 1712 928 724,
1755 856 1835 918 28
1866 856 1937 917 Η.
1969 851 2085 917 καὶ
2112 849 2185 917 τί
2212 850 2387 959 φῆμί

266 972 343 1040 3-
386 931 736 1039 βούλομαι.
807 936 893 1037 32
920 931 1179 1018 νόμους,
1217 930 1534 1022 Ἑλλήνων
1577 930 2241 1037 ἐμαθονγράμματα,
2273 933 2385 1023 υφ’

265 1016 690 1166 ωνκέμνῆθην
730 1023 968 1124 θεκοις..υ
1031 1020 1097 1125 In
1150 1023 1479 1125 [ragmento
1532 1022 1860 1127 Callimachi
1901 1045 1958 1105 p.
1982 1025 2147 1129 3725,
2186 1026 2273 1126 c26
2311 1019 2381 1086 H.

262 1126 372 1167 και
416 1125 522 1167 πα
567 1127 628 1168 ιν
671 1126 827 1191 περι
871 1127 966 1190 τῳ
1012 1126 1189 1190 αυτῳ
1232 1126 1392 1184 περι
1438 1105 1904 1188 Κλεομβροτου
1950 1129 2155 1185 ειπεν,
2208 1102 2385 1171 Ἠλιε

260 1190 441 1273 χαῖρε
497 1186 755 1274 φαεινέ,
813 1185 1278 1273 Κλεόμβροτος
1322 1185 1842 1276 Ἀμβρακιώτης.
1911 1212 1971 1272 p.
2018 1195 2168 1267 726,
2221 1197 2261 1255 4
2313 1195 2383 1254 Η.
2426 1258 2445 1269 .

261 1273 496 1349 κακῶς.
563 1295 620 1355 p.
654 1276 807 1349 728,
853 1278 928 1337 15
969 1277 1040 1337 H.
1083 1273 1447 1355 καλοῦμαι,
1500 1278 1600 1338 sed
1633 1296 1690 1356 p.
1725 1279 1877 1350 725,
1926 1278 2008 1338 24
2039 1274 2381 1357 καλεῦμαι.

261 1377 314 1437 p.
348 1360 496 1432 728,
521 1360 603 1420 20
636 1356 1021 1443 Κρεοφύλου
1061 1354 1253 1435 τόνος
1291 1353 1351 1422 εἶ
1380 1357 1473 1443 μή
1507 1355 1682 1440 δόμα
1713 1358 1882 1423 ποτὲ
1909 1361 2103 1423 θεῖον
2131 1353 2382 1423 αόιδὸν.

259 1462 336 1504 VS.
368 1445 453 1504 22
498 1438 694 1505 κλείω
725 1437 789 1506 δ’
832 1436 1171 1526 εὖρύτονος
1207 1439 1450 1507 ἔπαθε.
1500 1446 1600 1507 23.
1626 1447 1707 1506 24
1731 1437 2074 1529 Ὁμήρειον
2116 1441 2383 1528 γράμμα

264 1524 331 1589 δὲ
371 1525 707 1609 καλοῦμαι
740 1524 1152 1614 Κρεοφύλου.
1214 1531 1294 1590 25
1329 1523 1767 1613 γραμματική.
1813 1550 1870 1611 p.
1906 1530 2048 1603 729,
2083 1530 2163 1591 23
2195 1527 2382 1610 παρὰ

257 1602 669 1697 Ἐξιῳάνους,
719 1615 790 1675 cf.
822 1614 1061 1694 Cramer
1103 1615 1319 1675 Anecd.
1361 1633 1419 1694 p.
1454 1615 1595 1675 311.
1628 1651 1711 1658 -
1740 1635 1824 1675 VS.
1858 1616 1960 1676 24.
1993 1615 2074 1676 25
2103 1612 2218 1676 καὶ
2262 1612 2384 1688 τ”ς

260 1692 374 1774 μὲν
415 1694 583 1777 μιᾶς
627 1695 1080 1783 γραμματικῆς
1120 1694 1304 1772 τέλος
1345 1696 1425 1760 τὸ
1473 1689 1544 1760 εὖ
1589 1691 2093 1781 ἀναγινώσκειν,
2138 1695 2259 1782 τῆς
2303 1635 2380 1760 Ze*

263 1773 487 1863 ἑτέρας
529 1780 990 1866 γραμματικῆς
1031 1779 1110 1845 τὸ
1155 1772 1225 1845 εὗ
1269 1777 1564 1867 γράφειν.

423 1867 585 1928 Haec
614 1868 839 1929 scholia
872 1870 921 1929 si
955 1876 1221 1947 spectant
1247 1869 1667 1948 prolegomena
1698 1868 1806 1929 ista
1839 1868 2278 1946 antiquissima,
2313 1870 2384 1927 de

263 1951 472 2028 quibus
503 1951 637 2026 dixi,
668 1953 1084 2031 compendium
1118 1959 1463 2013 accentuum
1497 1958 1553 2011 et
1584 1952 1907 2012 finitionem
1933 1951 2193 2011 notionis
2217 1952 2378 2035 artiS,

261 2044 590 2114 sequuntur
619 2036 896 2116 deinceps
928 2038 1147 2098 scholia
1179 2038 1365 2115 ipsius
1398 2036 1827 2113 grammaticae,
1861 2054 2006 2114 quae
2035 2035 2096 2095 in
2128 2036 2234 2095 Ms.
2259 2053 2382 2096 non

260 2120 324 2180 ad
353 2120 587 2198 singula
617 2122 791 2182 verba
820 2122 1102 2202 applicata
1134 2127 1303 2194 sunt,
1333 2128 1399 2181 ut
1429 2120 1582 2199 apud
1616 2121 1938 2181 Bekkerum
1959 2167 1972 2190 ‚
2017 2121 2120 2180 sed
2152 2120 2221 2180 ad
2255 2123 2381 2180 sin-

260 2206 411 2281 gulas
446 2204 757 2278 sectioneS,
791 2225 971 2286 supra
996 2206 1231 2285 scriptis
1254 2206 1438 2267 titulis
1465 2205 1814 2277 sectionum,
1840 2204 2185 2284 plerumque
2208 2206 2381 2265 etiam

261 2287 641 2368 interpretum
693 2291 1037 2351 nominibus
1090 2291 1394 2370 appositis.
1468 2289 1767 2350 Bekkerus
1820 2308 1953 2349 cum
2008 2290 2124 2349 hoc
2177 2289 2383 2351 ordine

262 2374 462 2434 eadem
502 2374 773 2435 lemmata
817 2375 1134 2435 identidem
1175 2376 1390 2453 repeti,
1432 2374 1782 2452 easdemque
1818 2392 1914 2433 res
1957 2373 2203 2434 diversis
2232 2374 2379 2434 locis

258 2458 489 2519 tractari
529 2457 778 2532 videret,
831 2460 902 2521 ad
942 2459 1255 2538 legentium
1297 2477 1474 2520 usum
1514 2458 1884 2519 commodius
1927 2477 2060 2517 esse
2100 2465 2292 2530 ratuS,
2331 2458 2380 2518 si

258 2541 496 2603 disiecta
550 2551 1077 2623 componerentur,
1134 2543 1435 2620 longiores
1485 2544 1631 2604 istos
1671 2550 1953 2604 tractatus
1995 2543 2379 2621 interpretum

260 2624 574 2706 discerpsit
602 2635 658 2688 et
684 2628 979 2689 frustatim
1011 2628 1306 2706 apposuit,
1339 2628 1407 2689 ad
1441 2628 1663 2707 singula
1693 2627 1954 2707 Dionysii
1985 2627 2157 2687 verba
2189 2646 2257 2686 ex
2289 2626 2380 2685 di-

257 2713 440 2771 versis
474 2711 836 2773 diversorum
869 2714 1255 2791 interpretum
1284 2712 1766 2790 explicationibus
1793 2718 2208 2787 coagmentans
2234 2729 2379 2788 quae

256 2796 463 2856 eodem
503 2804 868 2875 spectarent3
911 2798 1068 2876 quod
1112 2815 1244 2858 cum
1285 2815 1390 2875 per
1428 2814 1492 2854 se
1538 2795 1812 2855 audacius
1853 2795 2067 2855 factum
2112 2794 2211 2864 sit,
2248 2801 2376 2854 tum

256 2878 380 2940 ideo
415 2879 863 2960 vituperandum
896 2882 1150 2954 videtur,
1184 2881 1341 2959 quod
1371 2880 1611 2940 nomina
1644 2886 1950 2939 auc-torum
1982 2878 2222 2939 nonnisi
2252 2879 2381 2957 pri-

254 2964 362 3024 mis
411 2965 741 3045 quibusque
780 2966 988 3027 frustis
1021 2965 1575 3027 commentariorum
1611 2964 1916 3043 apposuit,
1961 2963 2020 3023 in
2053 2964 2256 3024 ceteris
2288 2963 2376 3023 cui

253 3046 390 3109 haec
435 3049 495 3109 in
536 3050 642 3111 Ms.
684 3051 1083 3112 tribuerentur
1130 3050 1461 3128 significare
1502 3067 1751 3127 prorsus
1795 3048 2060 3126 neglexit.
2136 3048 2233 3108 Sic
2268 3047 2375 3107 Ms.

253 3149 307 3209 p.
343 3133 462 3193 101
481 3169 566 3176 —-
586 3134 705 3195 103
737 3135 994 3213 primum
1025 3134 1235 3213 legitur
1265 3133 1663 3194 Choerobosci
1690 3132 2148 3193 commentarius
2181 3132 2255 3191 de
2281 3151 2376 3191 se-

257 3217 449 3277 ctione
479 3213 637 3299 περὶ
669 3216 1140 3302 γραμματικῆς,
1170 3237 1309 3279 nam
1344 3219 1518 3279 huius
1543 3216 1906 3295 grammatici
1932 3222 2241 3286 esserecte
2262 3232 2376 3275 no-

253 3306 410 3362 tatur
434 3301 492 3362 in
515 3303 792 3380 margine,
820 3322 952 3364 cum
979 3304 1363 3382 supra,MS.p.
1380 3302 1480 3374 59,
1503 3303 1704 3363 eadem
1731 3300 2160 3377 subiungantur
2181 3301 2379 3360 Choe-

253 3386 491 3446 robosci
527 3388 796 3448 tractatui
837 3382 994 3470 περὶ
1038 3383 1458 3468 προσῳδιιῢν.
1548 3387 1702 3447 Haec
1740 3386 2037 3446 Bekkerus
2080 3385 2379 3447 distribuit

254 3485 308 3545 p.
341 3470 469 3530 730
499 3516 513 3541 ‚
558 3472 856 3544 5-731,
900 3473 1011 3543 24;
1056 3472 1209 3544 733,
1249 3472 1543 3544 13-22,
1581 3470 1946 3548 interpositis
1977 3476 2146 3547 atque
2178 3469 2377 3530 divisis

254 3570 398 3630 quae
438 3572 560 3614 uno
600 3563 804 3616 tenore
844 3557 1115 3634 leguntur
1158 3558 1267 3617 Ms.
1310 3574 1368 3633 p.
1408 3554 1764 3615 103—107
1806 3573 1941 3615 cum
1988 3555 2375 3633 inscriptione

256 3628 346 3711 εἷς
386 3634 503 3701 τὸν
533 3630 728 3702 αὐτὸν
764 3637 882 3701 καὶ
914 3632 1141 3714 ἄλλως.
1212 3635 1367 3720 περὶ
1399 3641 1856 3722 γραμματικῆς
1886 3632 2371 3716 ,Μελάμποδος

251 3718 403 3783 Haec
432 3723 847 3786 diversissimis
878 3725 1023 3786 locis
1046 3725 1318 3802 leguntur
1341 3725 1493 3802 apud
1520 3725 1867 3795 Bekkerum,
1888 3723 2117 3783 initium
2143 3741 2201 3799 p.
2230 3721 2372 3788 731,

253 3803 602 3880 26-732‚
633 3809 700 3882 2,
731 3810 925 3870 addito
956 3810 1198 3869 nomine
1227 3809 1641 3886 Melampodis,
1675 3808 1972 3885 sequentia
2003 3825 2060 3886 p.
2096 3805 2249 3876 733,
2293 3806 2374 3864 24

252 3891 996 3966 —26;734‚17—735‚
1030 3893 1096 3965 8·,
1129 3893 1271 3969 736,
1307 3888 2226 3966 5-738,4·,738,16-739,
2260 3888 2370 3961 33;

256 3973 393 4045 740,
428 3977 691 4051 6-29ς
725 3980 866 4049 741,
899 3978 1158 4049 6--233
1192 3980 1332 4049 741,
1366 3977 1697 4051 33—742‚
1731 3980 1797 4036 5:
1830 3994 1975 4053 quae
2005 3975 2133 4051 quis
2168 3973 2370 4051 suspi-

254 4066 411 4120 cetur
442 4063 639 4122 omnia
672 4063 934 4124 eiusdem
965 4061 1344 4140 Melampodis
1376 4059 1550 4122 esse?
1615 4061 1719 4120 His
1742 4078 1951 4121 rursus
1985 4058 2089 4119 alia
2121 4058 2369 4128 infersit,

1900 4156 1969 4207 6*

2414 2728 2465 2766 19
